@article{Wang_2021, title={Application of different redox mediators induced bio-promoters to accelerate the recovery of denitrification and denitrifying functional microorganisms inhibited by transient Cr(VI) shock}, volume={420}, ISSN={0304-3894}, url={http://dx.doi.org/10.1016/j.jhazmat.2021.126664}, DOI={10.1016/j.jhazmat.2021.126664}, journal={Journal of Hazardous Materials}, publisher={Elsevier BV}, author={Wang, Qian and Zhao, Yingxin and Zhai, Siyuan and Liu, Duo and Zhou, Xu and Wang, Yue and Cabrera, Jonnathan and Ji, Min}, year={2021}, month=oct, pages={126664} }
@article{Tkachenko_2020, title={Two-Stage Ozonation – Adsorption Purification of Ground Water from Trichloroethylene and Tetrachloroethylene with Application of Commercial Carbon Adsorbents}, volume={42}, ISSN={1547-6545}, url={http://dx.doi.org/10.1080/01919512.2020.1735994}, DOI={10.1080/01919512.2020.1735994}, number={4}, journal={Ozone: Science &amp; Engineering}, publisher={Informa UK Limited}, author={Tkachenko, Ilya and Tkachenko, Sergey N. and Lokteva, Ekaterina S. and Mamleeva, Nadezhda A. and Lunin, Valery V.}, year={2020}, month=mar, pages={357–370} }
@article{Li_2014, title={A review on removing pharmaceutical contaminants from wastewater by constructed wetlands: Design, performance and mechanism}, volume={468–469}, ISSN={0048-9697}, url={http://dx.doi.org/10.1016/j.scitotenv.2013.09.018}, DOI={10.1016/j.scitotenv.2013.09.018}, journal={Science of The Total Environment}, publisher={Elsevier BV}, author={Li, Yifei and Zhu, Guibing and Ng, Wun Jern and Tan, Soon Keat}, year={2014}, month=jan, pages={908–932} }
@article{Batt_2007, title={Comparison of the occurrence of antibiotics in four full-scale wastewater treatment plants with varying designs and operations}, volume={68}, ISSN={0045-6535}, url={http://dx.doi.org/10.1016/j.chemosphere.2007.01.008}, DOI={10.1016/j.chemosphere.2007.01.008}, number={3}, journal={Chemosphere}, publisher={Elsevier BV}, author={Batt, Angela L. and Kim, Sungpyo and Aga, Diana S.}, year={2007}, month=jun, pages={428–435} }
@article{Bodaly_1998, volume={40}, ISSN={0168-2563}, url={http://dx.doi.org/10.1023/A:1005922202681}, DOI={10.1023/a:1005922202681}, number={2/3}, journal={Biogeochemistry}, publisher={Springer Science and Business Media LLC}, author={Bodaly, R.A. (Drew) and Rudd, W.M. and Flett, Robert J.}, year={1998}, pages={279–291} }
@article{Gao_2019, title={The effects of prosperity indices and land use indicators of an urban conurbation on the occurrence of hexabromocyclododecanes and tetrabromobisphenol A in surface soil in South China}, volume={252}, ISSN={0269-7491}, url={http://dx.doi.org/10.1016/j.envpol.2019.06.128}, DOI={10.1016/j.envpol.2019.06.128}, journal={Environmental Pollution}, publisher={Elsevier BV}, author={Gao, Chong-Jing and Xia, Lin-Lin and Wu, Chen-Chou and Wong, Charles S. and Guo, Ying}, year={2019}, month=sep, pages={1810–1818} }
@article{Balasubramanian_2001, title={Arsenic Removal from Industrial Effluent through Electrocoagulation}, volume={24}, ISSN={1521-4125}, url={http://dx.doi.org/10.1002/1521-4125(200105)24:5<519::AID-CEAT519>3.0.CO;2-P}, DOI={10.1002/1521-4125(200105)24:5<519::aid-ceat519>3.0.co;2-p}, number={5}, journal={Chemical Engineering &amp; Technology}, publisher={Wiley}, author={Balasubramanian, N. and Madhavan, K.}, year={2001}, month=may, pages={519} }
@article{Honarmandrad_2020, title={Efficiency of ozonation process with calcium peroxide in removing heavy metals (Pb, Cu, Zn, Ni, Cd) from aqueous solutions}, volume={2}, ISSN={2523-3971}, url={http://dx.doi.org/10.1007/s42452-020-2392-1}, DOI={10.1007/s42452-020-2392-1}, number={4}, journal={SN Applied Sciences}, publisher={Springer Science and Business Media LLC}, author={Honarmandrad, Zhila and Javid, Neda and Malakootian, Mohammad}, year={2020}, month=mar }
@article{Lin_2021, title={Evaluating the stability of prescription drugs in municipal wastewater and sewers based on wastewater-based epidemiology}, volume={754}, ISSN={0048-9697}, url={http://dx.doi.org/10.1016/j.scitotenv.2020.142414}, DOI={10.1016/j.scitotenv.2020.142414}, journal={Science of The Total Environment}, publisher={Elsevier BV}, author={Lin, Wenting and Huang, Zhishan and Gao, Shiyu and Luo, Zhifeng and An, Wenxuan and Li, Ping and Ping, Senwen and Ren, Yuan}, year={2021}, month=feb, pages={142414} }
@article{K_mmerer_2000, title={Biodegradability of some antibiotics, elimination of the genotoxicity and affection of wastewater bacteria in a simple test}, volume={40}, ISSN={0045-6535}, url={http://dx.doi.org/10.1016/s0045-6535(99)00439-7}, DOI={10.1016/s0045-6535(99)00439-7}, number={7}, journal={Chemosphere}, publisher={Elsevier BV}, author={Kümmerer, K and Al-Ahmad, A and Mersch-Sundermann, V}, year={2000}, month=apr, pages={701–710} }
@article{Gardner_2013, title={Performance of UK wastewater treatment works with respect to trace contaminants}, volume={456–457}, ISSN={0048-9697}, url={http://dx.doi.org/10.1016/j.scitotenv.2013.03.088}, DOI={10.1016/j.scitotenv.2013.03.088}, journal={Science of The Total Environment}, publisher={Elsevier BV}, author={Gardner, Mike and Jones, Vera and Comber, Sean and Scrimshaw, Mark D. and Coello ‐ Garcia, Tamara and Cartmell, Elise and Lester, John and Ellor, Brian}, year={2013}, month=jul, pages={359–369} }
@article{Kuang_2013, title={Ozonation of trimethoprim in aqueous solution: Identification of reaction products and their toxicity}, volume={47}, ISSN={0043-1354}, url={http://dx.doi.org/10.1016/j.watres.2013.02.048}, DOI={10.1016/j.watres.2013.02.048}, number={8}, journal={Water Research}, publisher={Elsevier BV}, author={Kuang, Jiangmeng and Huang, Jun and Wang, Bin and Cao, Qiming and Deng, Shubo and Yu, Gang}, year={2013}, month=may, pages={2863–2872} }
@article{Lester_1983, title={Significance and behaviour of heavy metals in waste water treatment processes I. Sewage treatment and effluent discharge}, volume={30}, ISSN={0048-9697}, url={http://dx.doi.org/10.1016/0048-9697(83)90002-5}, DOI={10.1016/0048-9697(83)90002-5}, journal={Science of The Total Environment}, publisher={Elsevier BV}, author={Lester, J.N.}, year={1983}, month=sep, pages={1–44} }
@article{Kne_evi__2012, title={Risk assessment of the intake of pesticides in Croatian diet}, volume={23}, ISSN={0956-7135}, url={http://dx.doi.org/10.1016/j.foodcont.2011.06.011}, DOI={10.1016/j.foodcont.2011.06.011}, number={1}, journal={Food Control}, publisher={Elsevier BV}, author={Knežević, Zorka and Serdar, Maja and Ahel, Marijan}, year={2012}, month=jan, pages={59–65} }
@article{da_Silva_Oliveira_2007, title={Heavy metals in untreated/treated urban effluent and sludge from a biological wastewater treatment plant}, volume={14}, ISSN={1614-7499}, url={http://dx.doi.org/10.1065/espr2006.10.355}, DOI={10.1065/espr2006.10.355}, number={7}, journal={Environmental Science and Pollution Research - International}, publisher={Springer Science and Business Media LLC}, author={da Silva Oliveira, Aline and Bocio, Ana and Beltramini Trevilato, Tânia M. and Magosso Takayanagui, Angela M. and Domingo, José L. and Segura-Muñoz, Susana I.}, year={2007}, month=nov }
@article{Lema_2017, title={Innovative Wastewater Treatment &amp; Resource Recovery Technologies:
            Impacts on Energy, Economy and Environment}, volume={16}, ISSN={1476-1777}, url={http://dx.doi.org/10.2166/9781780407876}, DOI={10.2166/9781780407876}, journal={Water Intelligence Online}, publisher={IWA Publishing}, author={Lema, Juan M. and Suarez, Sonia}, year={2017}, pages={9781780407876} }
@article{Guillossou_2019, title={Organic micropollutants in a large wastewater treatment plant: What are the benefits of an advanced treatment by activated carbon adsorption in comparison to conventional treatment?}, volume={218}, ISSN={0045-6535}, url={http://dx.doi.org/10.1016/j.chemosphere.2018.11.182}, DOI={10.1016/j.chemosphere.2018.11.182}, journal={Chemosphere}, publisher={Elsevier BV}, author={Guillossou, Ronan and Le Roux, Julien and Mailler, Romain and Vulliet, Emmanuelle and Morlay, Catherine and Nauleau, Fabrice and Gasperi, Johnny and Rocher, Vincent}, year={2019}, month=mar, pages={1050–1060} }
@article{Hu_2015, title={Identification of the typical metal particles among haze, fog, and clear episodes in the Beijing atmosphere}, volume={511}, ISSN={0048-9697}, url={http://dx.doi.org/10.1016/j.scitotenv.2014.12.071}, DOI={10.1016/j.scitotenv.2014.12.071}, journal={Science of The Total Environment}, publisher={Elsevier BV}, author={Hu, Yunjie and Lin, Jun and Zhang, Suanqin and Kong, Lingdong and Fu, Hongbo and Chen, Jianmin}, year={2015}, month=apr, pages={369–380} }
@article{Verlicchi_2014, title={Comparison of measured and predicted concentrations of selected pharmaceuticals in wastewater and surface water: A case study of a catchment area in the Po Valley (Italy)}, volume={470–471}, ISSN={0048-9697}, url={http://dx.doi.org/10.1016/j.scitotenv.2013.10.026}, DOI={10.1016/j.scitotenv.2013.10.026}, journal={Science of The Total Environment}, publisher={Elsevier BV}, author={Verlicchi, P. and Al Aukidy, M. and Jelic, A. and Petrović, M. and Barceló, D.}, year={2014}, month=feb, pages={844–854} }
@article{R_a_G_mez_2011, title={Occurrence and removal of lidocaine, tramadol, venlafaxine, and their metabolites in German wastewater treatment plants}, volume={19}, ISSN={1614-7499}, url={http://dx.doi.org/10.1007/s11356-011-0614-1}, DOI={10.1007/s11356-011-0614-1}, number={3}, journal={Environmental Science and Pollution Research}, publisher={Springer Science and Business Media LLC}, author={Rúa-Gómez, Paola C. and Püttmann, Wilhelm}, year={2011}, month=sep, pages={689–699} }
@article{Chiu_2016, title={A novel approach for estimating the removal efficiencies of endocrine disrupting chemicals and heavy metals in wastewater treatment processes}, volume={112}, ISSN={0025-326X}, url={http://dx.doi.org/10.1016/j.marpolbul.2016.08.043}, DOI={10.1016/j.marpolbul.2016.08.043}, number={1–2}, journal={Marine Pollution Bulletin}, publisher={Elsevier BV}, author={Chiu, Jill M.Y. and Degger, Natalie and Leung, Jonathan Y.S. and Po, Beverly H.K. and Zheng, Gene J. and Richardson, Bruce J. and Lau, T.C. and Wu, Rudolf S.S.}, year={2016}, month=nov, pages={53–57} }
@article{Arany_2014, title={Vacuum ultraviolet photolysis of diclofenac and the effects of its treated aqueous solutions on the proliferation and migratory responses of Tetrahymena pyriformis}, volume={468–469}, ISSN={0048-9697}, url={http://dx.doi.org/10.1016/j.scitotenv.2013.09.019}, DOI={10.1016/j.scitotenv.2013.09.019}, journal={Science of The Total Environment}, publisher={Elsevier BV}, author={Arany, Eszter and Láng, Júlia and Somogyvári, Dávid and Láng, Orsolya and Alapi, Tünde and Ilisz, István and Gajda-Schrantz, Krisztina and Dombi, András and Kőhidai, László and Hernádi, Klára}, year={2014}, month=jan, pages={996–1006} }
@article{Lester_1979, title={The balance of heavy metals through a sewage treatment works I. Lead, cadmium and copper}, volume={12}, ISSN={0048-9697}, url={http://dx.doi.org/10.1016/0048-9697(79)90003-2}, DOI={10.1016/0048-9697(79)90003-2}, number={1}, journal={Science of The Total Environment}, publisher={Elsevier BV}, author={Lester, J.N. and Harrison, R.M. and Perry, R.}, year={1979}, month=may, pages={13–23} }
@article{Miyazono_2015, title={Desertification, salinization, and biotic homogenization in a dryland river ecosystem}, volume={511}, ISSN={0048-9697}, url={http://dx.doi.org/10.1016/j.scitotenv.2014.12.079}, DOI={10.1016/j.scitotenv.2014.12.079}, journal={Science of The Total Environment}, publisher={Elsevier BV}, author={Miyazono, Seiji and Patiño, Reynaldo and Taylor, Christopher M.}, year={2015}, month=apr, pages={444–453} }
@article{OLIVER_1974, title={The efficiency of heavy metal removal by a conventional activated sludge treatment plant☆}, volume={8}, ISSN={0043-1354}, url={http://dx.doi.org/10.1016/0043-1354(74)90099-2}, DOI={10.1016/0043-1354(74)90099-2}, number={11}, journal={Water Research}, publisher={Elsevier BV}, author={OLIVER, B}, year={1974}, month=nov, pages={869–874} }
@article{Limousy_2016, title={Amoxicillin removal from aqueous solution using activated carbon prepared by chemical activation of olive stone}, volume={24}, ISSN={1614-7499}, url={http://dx.doi.org/10.1007/s11356-016-7404-8}, DOI={10.1007/s11356-016-7404-8}, number={11}, journal={Environmental Science and Pollution Research}, publisher={Springer Science and Business Media LLC}, author={Limousy, Lionel and Ghouma, Imen and Ouederni, Abdelmottaleb and Jeguirim, Mejdi}, year={2016}, month=aug, pages={9993–10004} }
@article{Ramos_2015, title={A preliminary evaluation of volcanic rock powder for application in agriculture as soil a remineralizer}, volume={512–513}, ISSN={0048-9697}, url={http://dx.doi.org/10.1016/j.scitotenv.2014.12.070}, DOI={10.1016/j.scitotenv.2014.12.070}, journal={Science of The Total Environment}, publisher={Elsevier BV}, author={Ramos, Claudete G. and Querol, Xavier and Oliveira, Marcos L.S. and Pires, Karen and Kautzmann, Rubens M. and Oliveira, Luis F.S.}, year={2015}, month=apr, pages={371–380} }
@inbook{Moriyama_1988, title={THE AMOUNT OF HEAVY METALS DERIVED FROM DOMESTIC WASTEWATER}, url={http://dx.doi.org/10.1016/b978-1-4832-8439-2.50219-4}, DOI={10.1016/b978-1-4832-8439-2.50219-4}, booktitle={Water Pollution Research and Control Brighton}, publisher={Elsevier}, author={Moriyama, Kiyoshi and Mori, Tadahiro and Arayashiki, Hidetoshi and Saitot, Hiroshi and Chino, Mituo}, year={1988}, pages={1913–1916} }
@article{Okonji_2021, title={Environmental Impacts of Selenium Contamination: A Review on Current-Issues and Remediation Strategies in an Aqueous System}, volume={13}, ISSN={2073-4441}, url={http://dx.doi.org/10.3390/w13111473}, DOI={10.3390/w13111473}, number={11}, journal={Water}, publisher={MDPI AG}, author={Okonji, Stanley Onyinye and Achari, Gopal and Pernitsky, David}, year={2021}, month=may, pages={1473} }
@article{Garc_a_Gal_n_2016, title={UV/H2O2degradation of the antidepressants venlafaxine and O-desmethylvenlafaxine: Elucidation of their transformation pathway and environmental fate}, volume={311}, ISSN={0304-3894}, url={http://dx.doi.org/10.1016/j.jhazmat.2016.02.070}, DOI={10.1016/j.jhazmat.2016.02.070}, journal={Journal of Hazardous Materials}, publisher={Elsevier BV}, author={García-Galán, Mª Jesús and Anfruns, Alba and Gonzalez-Olmos, Rafael and Rodríguez-Mozaz, Sara and Comas, Joaquim}, year={2016}, month=jul, pages={70–80} }
@article{Buzier_2006, title={Trace metal speciation and fluxes within a major French wastewater treatment plant: Impact of the successive treatments stages}, volume={65}, ISSN={0045-6535}, url={http://dx.doi.org/10.1016/j.chemosphere.2006.04.059}, DOI={10.1016/j.chemosphere.2006.04.059}, number={11}, journal={Chemosphere}, publisher={Elsevier BV}, author={Buzier, Rémy and Tusseau-Vuillemin, Marie-Hélène and dit Meriadec, Célia Martin and Rousselot, Olivier and Mouchel, Jean-Marie}, year={2006}, month=dec, pages={2419–2426} }
@article{Liu_2017, title={Spatial distribution and removal performance of pharmaceuticals in municipal wastewater treatment plants in China}, volume={586}, ISSN={0048-9697}, url={http://dx.doi.org/10.1016/j.scitotenv.2017.02.107}, DOI={10.1016/j.scitotenv.2017.02.107}, journal={Science of The Total Environment}, publisher={Elsevier BV}, author={Liu, Hou-Qi and Lam, James C.W. and Li, Wen-Wei and Yu, Han-Qing and Lam, Paul K.S.}, year={2017}, month=may, pages={1162–1169} }
@article{G_mez_Ramos_2011, title={Chemical and toxicological evolution of the antibiotic sulfamethoxazole under ozone treatment in water solution}, ISSN={0304-3894}, url={http://dx.doi.org/10.1016/j.jhazmat.2011.04.072}, DOI={10.1016/j.jhazmat.2011.04.072}, journal={Journal of Hazardous Materials}, publisher={Elsevier BV}, author={Gómez-Ramos, María del Mar and Mezcua, Milagros and Agüera, Ana and Fernández-Alba, Amadeo R. and Gonzalo, Soledad and Rodríguez, Antonio and Rosal, Roberto}, year={2011}, month=apr }
@article{Khalifa_2017, title={Antibiotics consumption in the Eastern Region Of Libya 2012-2013}, volume={02}, ISSN={2519-139X}, url={http://dx.doi.org/10.21502/limuj.008.02.2017}, DOI={10.21502/limuj.008.02.2017}, number={01}, journal={Libyan International Medical University Journal}, publisher={Georg Thieme Verlag KG}, author={Khalifa, A and Bukhatwa, S and Elfakhri, M}, year={2017}, month=jan, pages={55–63} }
@article{Juksu_2019, title={Occurrence, fate and risk assessment of biocides in wastewater treatment plants and aquatic environments in Thailand}, volume={690}, ISSN={0048-9697}, url={http://dx.doi.org/10.1016/j.scitotenv.2019.07.097}, DOI={10.1016/j.scitotenv.2019.07.097}, journal={Science of The Total Environment}, publisher={Elsevier BV}, author={Juksu, Kanokthip and Zhao, Jian-Liang and Liu, You-Sheng and Yao, Li and Sarin, Charoon and Sreesai, Siranee and Klomjek, Pantip and Jiang, Yu-Xia and Ying, Guang-Guo}, year={2019}, month=nov, pages={1110–1119} }
@article{Cai_2018, title={Effect of UVA/LED/TiO2 photocatalysis treated sulfamethoxazole and trimethoprim containing wastewater on antibiotic resistance development in sequencing batch reactors}, volume={140}, ISSN={0043-1354}, url={http://dx.doi.org/10.1016/j.watres.2018.04.053}, DOI={10.1016/j.watres.2018.04.053}, journal={Water Research}, publisher={Elsevier BV}, author={Cai, Qinqing and Hu, Jiangyong}, year={2018}, month=sep, pages={251–260} }
@article{Omanovi__2015, title={Assessing element distribution and speciation in a stream at abandoned Pb–Zn mining site by combining classical, in-situ DGT and modelling approaches}, volume={511}, ISSN={0048-9697}, url={http://dx.doi.org/10.1016/j.scitotenv.2014.12.076}, DOI={10.1016/j.scitotenv.2014.12.076}, journal={Science of The Total Environment}, publisher={Elsevier BV}, author={Omanović, Dario and Pižeta, Ivanka and Vukosav, Petra and Kovács, Elza and Frančišković-Bilinski, Stanislav and Tamás, János}, year={2015}, month=apr, pages={423–434} }
@article{Mojiri_2019, title={Combined ozone oxidation process and adsorption methods for the removal of acetaminophen and amoxicillin from aqueous solution; kinetic and optimisation}, volume={15}, ISSN={2352-1864}, url={http://dx.doi.org/10.1016/j.eti.2019.100404}, DOI={10.1016/j.eti.2019.100404}, journal={Environmental Technology &amp; Innovation}, publisher={Elsevier BV}, author={Mojiri, Amin and Vakili, Mohammadtaghi and Farraji, Hossein and Aziz, Shuokr Qarani}, year={2019}, month=aug, pages={100404} }
@article{Mitra_2013, title={Biodegradation of tetrachloroethylene-rich synthetic wastewater in anaerobic hybrid reactor}, volume={51}, ISSN={1944-3986}, url={http://dx.doi.org/10.1080/19443994.2013.770232}, DOI={10.1080/19443994.2013.770232}, number={22–24}, journal={Desalination and Water Treatment}, publisher={Elsevier BV}, author={Mitra, Shibam and Gupta, S.K.}, year={2013}, month=mar, pages={4506–4513} }
@article{Phillips_2015, title={Concentrations of hormones, pharmaceuticals and other micropollutants in groundwater affected by septic systems in New England and New York}, volume={512–513}, ISSN={0048-9697}, url={http://dx.doi.org/10.1016/j.scitotenv.2014.12.067}, DOI={10.1016/j.scitotenv.2014.12.067}, journal={Science of The Total Environment}, publisher={Elsevier BV}, author={Phillips, P.J. and Schubert, C. and Argue, D. and Fisher, I. and Furlong, E.T. and Foreman, W. and Gray, J. and Chalmers, A.}, year={2015}, month=apr, pages={43–54} }
@article{Sponza_2001, title={Anaerobic granule formation and tetrachloroethylene (TCE) removal in an upflow anaerobic sludge blanket (UASB) reactor}, volume={29}, ISSN={0141-0229}, url={http://dx.doi.org/10.1016/S0141-0229(01)00402-1}, DOI={10.1016/s0141-0229(01)00402-1}, number={6–7}, journal={Enzyme and Microbial Technology}, publisher={Elsevier BV}, author={Sponza, Delia Teresa}, year={2001}, month=oct, pages={417–427} }
@inbook{Alder_2004, title={Environmental Exposure of Antibiotics in Wastewaters, Sewage Sludges and Surface Waters in Switzerland}, ISBN={9783662092590}, url={http://dx.doi.org/10.1007/978-3-662-09259-0_5}, DOI={10.1007/978-3-662-09259-0_5}, booktitle={Pharmaceuticals in the Environment}, publisher={Springer Berlin Heidelberg}, author={Alder, A. C. and McArdell, C. S. and Golet, E. M. and Kohler, H.-P. E. and Molnar, E. and Thi, N. Anh Pham and Siegrist, H. and Suter, M. J.-F. and Giger, W.}, year={2004}, pages={55–66} }
@article{Hargreaves_2016, title={Mercury and antimony in wastewater: fate and treatment}, volume={227}, ISSN={1573-2932}, url={http://dx.doi.org/10.1007/s11270-016-2756-8}, DOI={10.1007/s11270-016-2756-8}, number={3}, journal={Water, Air, &amp; Soil Pollution}, publisher={Springer Science and Business Media LLC}, author={Hargreaves, Andrew J. and Vale, Peter and Whelan, Jonathan and Constantino, Carlos and Dotro, Gabriela and Cartmell, Elise}, year={2016}, month=feb }
@article{Kim_2018, title={Mass-flow-based removal and transformation potentials for TBBPA, HBCDs and PBDEs during wastewater treatment processes}, volume={355}, ISSN={0304-3894}, url={http://dx.doi.org/10.1016/j.jhazmat.2018.04.011}, DOI={10.1016/j.jhazmat.2018.04.011}, journal={Journal of Hazardous Materials}, publisher={Elsevier BV}, author={Kim, Un-Jung and Oh, Jeong-Eun}, year={2018}, month=aug, pages={82–88} }
@article{Harper_1992, title={Removal of arsenic from wastewater using chemical precipitation methods}, volume={64}, ISSN={1554-7531}, url={http://dx.doi.org/10.2175/WER.64.3.2}, DOI={10.2175/wer.64.3.2}, number={3}, journal={Water Environment Research}, publisher={Wiley}, author={Harper, Thomas R. and Kingham, Neville W.}, year={1992}, month=may, pages={200–203} }
@article{Sudo_1973, title={Effect of copper and hexavalent chromium on the specific growth rate of ciliata isolated from activated-sludge}, volume={7}, ISSN={0043-1354}, url={http://dx.doi.org/10.1016/0043-1354(73)90007-9}, DOI={10.1016/0043-1354(73)90007-9}, number={9}, journal={Water Research}, publisher={Elsevier BV}, author={Sudo, Ryuichi and Aiba, Shuichi}, year={1973}, month=sep, pages={1301–1307} }
@article{Ormad_2008, title={Pesticides removal in the process of drinking water production}, volume={71}, ISSN={0045-6535}, url={http://dx.doi.org/10.1016/j.chemosphere.2007.10.006}, DOI={10.1016/j.chemosphere.2007.10.006}, number={1}, journal={Chemosphere}, publisher={Elsevier BV}, author={Ormad, M.P. and Miguel, N. and Claver, A. and Matesanz, J.M. and Ovelleiro, J.L.}, year={2008}, month=mar, pages={97–106} }
@article{Dan_A_2013, title={Removal and factors influencing removal of sulfonamides and trimethoprim from domestic sewage in constructed wetlands}, volume={146}, ISSN={0960-8524}, url={http://dx.doi.org/10.1016/j.biortech.2013.07.050}, DOI={10.1016/j.biortech.2013.07.050}, journal={Bioresource Technology}, publisher={Elsevier BV}, author={Dan A and Yang, Yang and Dai, Yu-nv and Chen, Chun-xing and Wang, Su-yu and Tao, Ran}, year={2013}, month=oct, pages={363–370} }
@article{Karvelas_2003, title={Occurrence and fate of heavy metals in the wastewater treatment process}, volume={53}, ISSN={0045-6535}, url={http://dx.doi.org/10.1016/S0045-6535(03)00591-5}, DOI={10.1016/s0045-6535(03)00591-5}, number={10}, journal={Chemosphere}, publisher={Elsevier BV}, author={Karvelas, Michalis and Katsoyiannis, Athanasios and Samara, Constantini}, year={2003}, month=dec, pages={1201–1210} }
@article{Liu_2017, title={Biocides in wastewater treatment plants: Mass balance analysis and pollution load estimation}, volume={329}, ISSN={0304-3894}, url={http://dx.doi.org/10.1016/j.jhazmat.2017.01.057}, DOI={10.1016/j.jhazmat.2017.01.057}, journal={Journal of Hazardous Materials}, publisher={Elsevier BV}, author={Liu, Wang-Rong and Yang, Yuan-Yuan and Liu, You-Sheng and Zhang, Li-Juan and Zhao, Jian-Liang and Zhang, Qian-Qian and Zhang, Min and Zhang, Jin-Na and Jiang, Yu-Xia and Ying, Guang-Guo}, year={2017}, month=may, pages={310–320} }
@article{Rizzo_2019, title={Consolidated vs new advanced treatment methods for the removal of contaminants of emerging concern from urban wastewater}, volume={655}, ISSN={0048-9697}, url={http://dx.doi.org/10.1016/j.scitotenv.2018.11.265}, DOI={10.1016/j.scitotenv.2018.11.265}, journal={Science of The Total Environment}, publisher={Elsevier BV}, author={Rizzo, Luigi and Malato, Sixto and Antakyali, Demet and Beretsou, Vasiliki G. and Đolić, Maja B. and Gernjak, Wolfgang and Heath, Ester and Ivancev-Tumbas, Ivana and Karaolia, Popi and Lado Ribeiro, Ana R. and Mascolo, Giuseppe and McArdell, Christa S. and Schaar, Heidemarie and Silva, Adrián M.T. and Fatta-Kassinos, Despo}, year={2019}, month=mar, pages={986–1008} }
@article{ter_Laak_2014, title={Different compositions of pharmaceuticals in Dutch and Belgian rivers explained by consumption patterns and treatment efficiency}, volume={21}, ISSN={1614-7499}, url={http://dx.doi.org/10.1007/s11356-014-3233-9}, DOI={10.1007/s11356-014-3233-9}, number={22}, journal={Environmental Science and Pollution Research}, publisher={Springer Science and Business Media LLC}, author={ter Laak, Thomas L. and Kooij, Pascal J. F. and Tolkamp, Harry and Hofman, Jan}, year={2014}, month=jun, pages={12843–12855} }
@article{Wu_2022, title={Enhanced removal of organoarsenic by chlorination: Kinetics, effect of humic acid, and adsorbable chlorinated organoarsenic}, volume={422}, ISSN={0304-3894}, url={http://dx.doi.org/10.1016/j.jhazmat.2021.126820}, DOI={10.1016/j.jhazmat.2021.126820}, journal={Journal of Hazardous Materials}, publisher={Elsevier BV}, author={Wu, Sisi and Yang, Tao and Mai, Jiamin and Tang, Liuyan and Liang, Ping and Zhu, Mengyang and Huang, Cui and Li, Qiuhua and Cheng, Xiaoxiang and Liu, Minchao and Ma, Jun}, year={2022}, month=jan, pages={126820} }
@article{Jim_nez_2014, title={Supported TiO2solar photocatalysis at semi-pilot scale: degradation of pesticides found in citrus processing industry wastewater, reactivity and influence of photogenerated species: Supported TiO2solar photocatalysis at semi-pilot scale}, volume={90}, ISSN={0268-2575}, url={http://dx.doi.org/10.1002/jctb.4299}, DOI={10.1002/jctb.4299}, number={1}, journal={Journal of Chemical Technology &amp; Biotechnology}, publisher={Wiley}, author={Jiménez, Margarita and Ignacio Maldonado, Manuel and Rodríguez, Eva María and Hernández-Ramírez, Aracely and Saggioro, Enrico and Carra, Irene and Sánchez Pérez, José Antonio}, year={2014}, month=feb, pages={149–157} }
@article{Mal_2021, title={Simultaneous removal of lead and selenium through biomineralization as lead selenide by anaerobic granular sludge}, volume={420}, ISSN={0304-3894}, url={http://dx.doi.org/10.1016/j.jhazmat.2021.126663}, DOI={10.1016/j.jhazmat.2021.126663}, journal={Journal of Hazardous Materials}, publisher={Elsevier BV}, author={Mal, Joyabrata and Sinharoy, Arindam and Lens, Piet N.L.}, year={2021}, month=oct, pages={126663} }
@article{Schl_sener_2015, title={Occurrence of venlafaxine, other antidepressants and selected metabolites in the Rhine catchment in the face of climate change}, volume={196}, ISSN={0269-7491}, url={http://dx.doi.org/10.1016/j.envpol.2014.09.019}, DOI={10.1016/j.envpol.2014.09.019}, journal={Environmental Pollution}, publisher={Elsevier BV}, author={Schlüsener, Michael P. and Hardenbicker, Paulin and Nilson, Enno and Schulz, Manoj and Viergutz, Carsten and Ternes, Thomas A.}, year={2015}, month=jan, pages={247–256} }
@article{Samarghandi_2007, title={Efficiency removal of phenol, lead and cadmium by means of UV/TiO2/H2O2 processes}, volume={4}, ISSN={1735-2630}, url={http://dx.doi.org/10.1007/BF03325957}, DOI={10.1007/bf03325957}, number={1}, journal={International Journal of Environmental Science &amp; Technology}, publisher={Springer Science and Business Media LLC}, author={Samarghandi, M. R. and Nouri, J. and Mesdaghinia, A. R. and Mahvi, A. H. and Nasseri, S. and Vaezi, F.}, year={2007}, month=jan, pages={19–25} }
@article{Castrignan__2020, title={Enantiomeric profiling of quinolones and quinolones resistance gene qnrS in European wastewaters}, volume={175}, ISSN={0043-1354}, url={http://dx.doi.org/10.1016/j.watres.2020.115653}, DOI={10.1016/j.watres.2020.115653}, journal={Water Research}, publisher={Elsevier BV}, author={Castrignanò, Erika and Yang, Zhugen and Feil, Edward J. and Bade, Richard and Castiglioni, Sara and Causanilles, Ana and Gracia-Lor, Emma and Hernandez, Felix and Plósz, Benedek G. and Ramin, Pedram and Rousis, Nikolaos I. and Ryu, Yeonsuk and Thomas, Kevin V. and de Voogt, Pim and Zuccato, Ettore and Kasprzyk-Hordern, Barbara}, year={2020}, month=may, pages={115653} }
@article{Schecter_2010, title={Polybrominated Diphenyl Ethers (PBDEs) and Hexabromocyclodecane (HBCD) in Composite U.S. Food Samples}, volume={118}, ISSN={1552-9924}, url={http://dx.doi.org/10.1289/ehp.0901345}, DOI={10.1289/ehp.0901345}, number={3}, journal={Environmental Health Perspectives}, publisher={Environmental Health Perspectives}, author={Schecter, Arnold and Haffner, Darrah and Colacino, Justin and Patel, Keyur and Päpke, Olaf and Opel, Matthias and Birnbaum, Linda}, year={2010}, month=mar, pages={357–362} }
@article{Uski_2015, title={Effect of fuel zinc content on toxicological responses of particulate matter from pellet combustion in vitro}, volume={511}, ISSN={0048-9697}, url={http://dx.doi.org/10.1016/j.scitotenv.2014.12.061}, DOI={10.1016/j.scitotenv.2014.12.061}, journal={Science of The Total Environment}, publisher={Elsevier BV}, author={Uski, O. and Jalava, P.I. and Happo, M.S. and Torvela, T. and Leskinen, J. and Mäki-Paakkanen, J. and Tissari, J. and Sippula, O. and Lamberg, H. and Jokiniemi, J. and Hirvonen, M.-R.}, year={2015}, month=apr, pages={331–340} }
@article{ISHIWATA_2002, title={Estimation of Concentrations of Antifungal Agents Allowed as Food Additives in Foods and Their Daily Intake Based on Official Inspection Results in Japan in Fiscal Year 1998.}, volume={43}, ISSN={1882-1006}, url={http://dx.doi.org/10.3358/shokueishi.43.49}, DOI={10.3358/shokueishi.43.49}, number={1}, journal={Journal of the Food Hygienic Society of Japan (Shokuhin Eiseigaku Zasshi)}, publisher={Japanese Society for Food Hygiene and Safety}, author={ISHIWATA, Hajimu and ABE, Yukiko and KUBOTA, Hiroki and KAWASAKI, Yoko and TAKEDA, Yuiko and MAITANI, Tamio and NISHIJIMA, Motohiro and FUKASAWA, Yoshinobu}, year={2002}, pages={49–56} }
@article{Shahmahdi_2020, title={Performance evaluation of waste iron shavings (Fe0) for catalytic ozonation in removal of sulfamethoxazole from municipal wastewater treatment plant effluent in a batch mode pilot plant}, volume={383}, ISSN={1385-8947}, url={http://dx.doi.org/10.1016/j.cej.2019.123093}, DOI={10.1016/j.cej.2019.123093}, journal={Chemical Engineering Journal}, publisher={Elsevier BV}, author={Shahmahdi, Najmeh and Dehghanzadeh, Reza and Aslani, Hassan and Bakht Shokouhi, Sepideh}, year={2020}, month=mar, pages={123093} }
@article{Krol_2015, title={In situ N2O emissions are not mitigated by hippuric and benzoic acids under denitrifying conditions}, volume={511}, ISSN={0048-9697}, url={http://dx.doi.org/10.1016/j.scitotenv.2014.12.074}, DOI={10.1016/j.scitotenv.2014.12.074}, journal={Science of The Total Environment}, publisher={Elsevier BV}, author={Krol, D.J. and Forrestal, P.J. and Lanigan, G.J. and Richards, K.G.}, year={2015}, month=apr, pages={362–368} }
@article{Salehi_2020, title={Integration of photo-oxidation based on UV/Persulfate and adsorption processes for arsenic removal from aqueous solutions}, volume={10}, ISSN={2352-801X}, url={http://dx.doi.org/10.1016/j.gsd.2020.100338}, DOI={10.1016/j.gsd.2020.100338}, journal={Groundwater for Sustainable Development}, publisher={Elsevier BV}, author={Salehi, Hajar and Ebrahimi, Ali Asghar and Ehrampoush, Mohammad Hassan and Salmani, Mohammad Hossein and Fard, Reza Fouladi and Jalili, Mahrokh and Gholizadeh, Abdolmajid}, year={2020}, month=apr, pages={100338} }
@article{Arias_2014, title={Monitoring of pesticide residues in tomato marketed in Bogota, Colombia}, volume={35}, ISSN={0956-7135}, url={http://dx.doi.org/10.1016/j.foodcont.2013.06.046}, DOI={10.1016/j.foodcont.2013.06.046}, number={1}, journal={Food Control}, publisher={Elsevier BV}, author={Arias, Luis Alejandro and Bojacá, Carlos Ricardo and Ahumada, Diego Alejandro and Schrevens, Eddie}, year={2014}, month=jan, pages={213–217} }
@article{Zhao_2015, title={Spatial distribution of perfluoroalkyl acids in surface sediments of the German Bight, North Sea}, volume={511}, ISSN={0048-9697}, url={http://dx.doi.org/10.1016/j.scitotenv.2014.12.063}, DOI={10.1016/j.scitotenv.2014.12.063}, journal={Science of The Total Environment}, publisher={Elsevier BV}, author={Zhao, Zhen and Xie, Zhiyong and Tang, Jianhui and Zhang, Gan and Ebinghaus, Ralf}, year={2015}, month=apr, pages={145–152} }
@article{Kruithof_2007, title={UV/H2O2Treatment: A Practical Solution for Organic Contaminant Control and Primary Disinfection}, volume={29}, ISSN={1547-6545}, url={http://dx.doi.org/10.1080/01919510701459311}, DOI={10.1080/01919510701459311}, number={4}, journal={Ozone: Science &amp; Engineering}, publisher={Informa UK Limited}, author={Kruithof, Joop C. and Kamp, Peer C. and Martijn, Bram J.}, year={2007}, month=jul, pages={273–280} }
@article{Feder_2015, title={Repeated pig manure applications modify nitrate and chloride competition and fluxes in a Nitisol}, volume={511}, ISSN={0048-9697}, url={http://dx.doi.org/10.1016/j.scitotenv.2014.12.059}, DOI={10.1016/j.scitotenv.2014.12.059}, journal={Science of The Total Environment}, publisher={Elsevier BV}, author={Feder, Frédéric and Bochu, Vincent and Findeling, Antoine and Doelsch, Emmanuel}, year={2015}, month=apr, pages={238–248} }
@inbook{Balogh_1995, title={Mercury Pathways in Municipal Wastewater Treatment Plants}, ISBN={9789401101530}, url={http://dx.doi.org/10.1007/978-94-011-0153-0_134}, DOI={10.1007/978-94-011-0153-0_134}, booktitle={Mercury as a Global Pollutant}, publisher={Springer Netherlands}, author={Balogh, S. and Liang, L.}, year={1995}, pages={1181–1190} }
@article{Dantas_2008, title={Sulfamethoxazole abatement by means of ozonation}, volume={150}, ISSN={0304-3894}, url={http://dx.doi.org/10.1016/j.jhazmat.2007.05.034}, DOI={10.1016/j.jhazmat.2007.05.034}, number={3}, journal={Journal of Hazardous Materials}, publisher={Elsevier BV}, author={Dantas, Renato F. and Contreras, Sandra and Sans, Carme and Esplugas, Santiago}, year={2008}, month=feb, pages={790–794} }
@article{Edokpayi_2015, title={Removal Efficiency of Faecal Indicator Organisms, Nutrients and Heavy Metals from a Peri-Urban Wastewater Treatment Plant in Thohoyandou, Limpopo Province, South Africa}, volume={12}, ISSN={1660-4601}, url={http://dx.doi.org/10.3390/ijerph120707300}, DOI={10.3390/ijerph120707300}, number={7}, journal={International Journal of Environmental Research and Public Health}, publisher={MDPI AG}, author={Edokpayi, Joshua and Odiyo, John and Msagati, Titus and Popoola, Elizabeth}, year={2015}, month=jun, pages={7300–7320} }
@article{Metcalfe_2009, title={Antidepressants and their metabolites in municipal wastewater, and downstream exposure in an urban watershed}, volume={29}, ISSN={1552-8618}, url={http://dx.doi.org/10.1002/etc.27}, DOI={10.1002/etc.27}, number={1}, journal={Environmental Toxicology and Chemistry}, publisher={Wiley}, author={Metcalfe, Chris D. and Chu, Shaogang and Judt, Colin and Li, Hongxia and Oakes, Ken D. and Servos, Mark R. and Andrews, David M.}, year={2009}, month=dec, pages={79–89} }
@article{Coutu_2013, title={Temporal Variability of Antibiotics Fluxes in Wastewater and Contribution from Hospitals}, volume={8}, ISSN={1932-6203}, url={http://dx.doi.org/10.1371/journal.pone.0053592}, DOI={10.1371/journal.pone.0053592}, number={1}, journal={PLoS ONE}, publisher={Public Library of Science (PLoS)}, author={Coutu, Sylvain and Rossi, Luca and Barry, D. A. and Rudaz, Serge and Vernaz, Nathalie}, editor={Rockne, Karl}, year={2013}, month=jan, pages={e53592} }
@article{Blasco_2006, title={Evaluation of 10 pesticide residues in oranges and tangerines from Valencia (Spain)}, volume={17}, ISSN={0956-7135}, url={http://dx.doi.org/10.1016/j.foodcont.2005.05.013}, DOI={10.1016/j.foodcont.2005.05.013}, number={11}, journal={Food Control}, publisher={Elsevier BV}, author={Blasco, C. and Font, G. and Picó, Y.}, year={2006}, month=nov, pages={841–846} }
@article{Yuan_2015, title={Levels of six antibiotics used in China estimated by means of wastewater-based epidemiology}, volume={73}, ISSN={1996-9732}, url={http://dx.doi.org/10.2166/wst.2015.526}, DOI={10.2166/wst.2015.526}, number={4}, journal={Water Science and Technology}, publisher={IWA Publishing}, author={Yuan, Su-Fen and Liu, Ze-Hua and Huang, Ri-Ping and Yin, Hua and Dang, Zhi}, year={2015}, month=oct, pages={769–775} }
@article{Mirzaei_2019, title={Antibiotics in urban wastewater and rivers of Tehran, Iran: Consumption, mass load, occurrence, and ecological risk}, volume={221}, ISSN={0045-6535}, url={http://dx.doi.org/10.1016/j.chemosphere.2018.12.187}, DOI={10.1016/j.chemosphere.2018.12.187}, journal={Chemosphere}, publisher={Elsevier BV}, author={Mirzaei, Roya and Mesdaghinia, Alireza and Hoseini, Seyed Sajjad and Yunesian, Masud}, year={2019}, month=apr, pages={55–66} }
@article{Choubert_2011, title={Influent concentrations and removal performances of metals through municipal wastewater treatment processes}, volume={63}, ISSN={1996-9732}, url={http://dx.doi.org/10.2166/wst.2011.126}, DOI={10.2166/wst.2011.126}, number={9}, journal={Water Science and Technology}, publisher={IWA Publishing}, author={Choubert, J.-M. and Pomiès, M. and Martin Ruel, S. and Coquery, M.}, year={2011}, month=may, pages={1967–1973} }
@article{Garoma_2010, title={Removal of sulfadiazine, sulfamethizole, sulfamethoxazole, and sulfathiazole from aqueous solution by ozonation}, volume={79}, ISSN={0045-6535}, url={http://dx.doi.org/10.1016/j.chemosphere.2010.02.060}, DOI={10.1016/j.chemosphere.2010.02.060}, number={8}, journal={Chemosphere}, publisher={Elsevier BV}, author={Garoma, Temesgen and Umamaheshwar, Shyam K. and Mumper, Alison}, year={2010}, month=may, pages={814–820} }
@article{Tewari_2013, title={Major pharmaceutical residues in wastewater treatment plants and receiving waters in Bangkok, Thailand, and associated ecological risks}, volume={91}, ISSN={0045-6535}, url={http://dx.doi.org/10.1016/j.chemosphere.2012.12.042}, DOI={10.1016/j.chemosphere.2012.12.042}, number={5}, journal={Chemosphere}, publisher={Elsevier BV}, author={Tewari, S. and Jindal, R. and Kho, Y.L. and Eo, S. and Choi, K.}, year={2013}, month=apr, pages={697–704} }
@article{Giannakis_2017, title={Solar photo-Fenton and UV/H 2 O 2 processes against the antidepressant Venlafaxine in urban wastewaters and human urine. Intermediates formation and biodegradability assessment}, volume={308}, ISSN={1385-8947}, url={http://dx.doi.org/10.1016/j.cej.2016.09.084}, DOI={10.1016/j.cej.2016.09.084}, journal={Chemical Engineering Journal}, publisher={Elsevier BV}, author={Giannakis, Stefanos and Hendaoui, Idriss and Jovic, Milica and Grandjean, Dominique and De Alencastro, Luiz Felippe and Girault, Hubert and Pulgarin, César}, year={2017}, month=jan, pages={492–504} }
@article{Marcelino_2017, title={Multistage ozone and biological treatment system for real wastewater containing antibiotics}, volume={195}, ISSN={0301-4797}, url={http://dx.doi.org/10.1016/j.jenvman.2016.04.041}, DOI={10.1016/j.jenvman.2016.04.041}, journal={Journal of Environmental Management}, publisher={Elsevier BV}, author={Marcelino, Rafaela B.P. and Leão, Mônica M.D. and Lago, Rochel M. and Amorim, Camila C.}, year={2017}, month=jun, pages={110–116} }
@article{Chen_2021, title={Microplastics as carbon-nutrient sources and shaper for microbial communities in stagnant water}, volume={420}, ISSN={0304-3894}, url={http://dx.doi.org/10.1016/j.jhazmat.2021.126662}, DOI={10.1016/j.jhazmat.2021.126662}, journal={Journal of Hazardous Materials}, publisher={Elsevier BV}, author={Chen, Xiao and Wang, Yi and Chen, Sheng and Sun, Yiran and Tan, Qiaowen and Ding, Zhibin and Lu, Yaofeng and Yu, Yingjun}, year={2021}, month=oct, pages={126662} }
@article{Giraldo_2020, title={Mercury removal from wastewater using agroindustrial waste adsorbents}, volume={2}, ISSN={2523-3971}, url={http://dx.doi.org/10.1007/s42452-020-2736-x}, DOI={10.1007/s42452-020-2736-x}, number={6}, journal={SN Applied Sciences}, publisher={Springer Science and Business Media LLC}, author={Giraldo, Stephanie and Robles, Irma and Ramirez, Anyi and Flórez, Elizabeth and Acelas, Nancy}, year={2020}, month=may }
@article{Yan_2014, title={Occurrence and fate of pharmaceutically active compounds in the largest municipal wastewater treatment plant in Southwest China: Mass balance analysis and consumption back-calculated model}, volume={99}, ISSN={0045-6535}, url={http://dx.doi.org/10.1016/j.chemosphere.2013.10.062}, DOI={10.1016/j.chemosphere.2013.10.062}, journal={Chemosphere}, publisher={Elsevier BV}, author={Yan, Qing and Gao, Xu and Huang, Lei and Gan, Xiu-Mei and Zhang, Yi-Xin and Chen, You-Peng and Peng, Xu-Ya and Guo, Jin-Song}, year={2014}, month=mar, pages={160–170} }
@article{SORME_2002, title={Sources of heavy metals in urban wastewater in Stockholm}, volume={298}, ISSN={0048-9697}, url={http://dx.doi.org/10.1016/S0048-9697(02)00197-3}, DOI={10.1016/s0048-9697(02)00197-3}, number={1–3}, journal={The Science of The Total Environment}, publisher={Elsevier BV}, author={SORME, L and LAGERKVIST, R}, year={2002}, month=oct, pages={131–145} }
@article{Neu_1974, title={Antimicrobial Activity and Human Pharmacology of Amoxicillin}, volume={129}, ISSN={1537-6613}, url={http://dx.doi.org/10.1093/infdis/129.Supplement_2.S123}, DOI={10.1093/infdis/129.supplement_2.s123}, number={Supplement 2}, journal={Journal of Infectious Diseases}, publisher={Oxford University Press (OUP)}, author={Neu, H. C.}, year={1974}, month=jun, pages={S123–S131} }
@article{Kim_2009, title={Discussion on the application of UV/H2O2, O3 and O3/UV processes as technologies for sewage reuse considering the removal of pharmaceuticals and personal care products}, volume={59}, ISSN={1996-9732}, url={http://dx.doi.org/10.2166/wst.2009.076}, DOI={10.2166/wst.2009.076}, number={5}, journal={Water Science and Technology}, publisher={IWA Publishing}, author={Kim, I. H. and Yamashita, N. and Kato, Y. and Tanaka, H.}, year={2009}, month=mar, pages={945–955} }
@article{Skees_2018, title={Contamination profiles, mass loadings, and sewage epidemiology of neuropsychiatric and illicit drugs in wastewater and river waters from a community in the Midwestern United States}, volume={631–632}, ISSN={0048-9697}, url={http://dx.doi.org/10.1016/j.scitotenv.2018.03.060}, DOI={10.1016/j.scitotenv.2018.03.060}, journal={Science of The Total Environment}, publisher={Elsevier BV}, author={Skees, Allie J. and Foppe, Katelyn S. and Loganathan, Bommanna and Subedi, Bikram}, year={2018}, month=aug, pages={1457–1464} }
@article{Kim_2016, title={Occurrence, removal and release characteristics of dissolved brominated flame retardants and their potential metabolites in various kinds of wastewater}, volume={218}, ISSN={0269-7491}, url={http://dx.doi.org/10.1016/j.envpol.2016.07.037}, DOI={10.1016/j.envpol.2016.07.037}, journal={Environmental Pollution}, publisher={Elsevier BV}, author={Kim, Un-Jung and Lee, In-Seok and Oh, Jeong-Eun}, year={2016}, month=nov, pages={551–557} }
@article{Zhang_2016, title={UV/H2O2 and UV/PDS Treatment of Trimethoprim and Sulfamethoxazole in Synthetic Human Urine: Transformation Products and Toxicity}, volume={50}, ISSN={1520-5851}, url={http://dx.doi.org/10.1021/acs.est.5b05604}, DOI={10.1021/acs.est.5b05604}, number={5}, journal={Environmental Science &amp; Technology}, publisher={American Chemical Society (ACS)}, author={Zhang, Ruochun and Yang, Yongkui and Huang, Ching-Hua and Li, Na and Liu, Hang and Zhao, Lin and Sun, Peizhe}, year={2016}, month=feb, pages={2573–2583} }
@article{GOBEL_2007, title={Fate of sulfonamides, macrolides, and trimethoprim in different wastewater treatment technologies}, volume={372}, ISSN={0048-9697}, url={http://dx.doi.org/10.1016/j.scitotenv.2006.07.039}, DOI={10.1016/j.scitotenv.2006.07.039}, number={2–3}, journal={Science of The Total Environment}, publisher={Elsevier BV}, author={GOBEL, A and MCARDELL, C and JOSS, A and SIEGRIST, H and GIGER, W}, year={2007}, month=jan, pages={361–371} }
@article{Rahmani_2018, title={A combined advanced oxidation process: Electrooxidation-ozonation for antibiotic ciprofloxacin removal from aqueous solution}, volume={808}, ISSN={1572-6657}, url={http://dx.doi.org/10.1016/j.jelechem.2017.11.067}, DOI={10.1016/j.jelechem.2017.11.067}, journal={Journal of Electroanalytical Chemistry}, publisher={Elsevier BV}, author={Rahmani, Ali Reza and Nematollahi, Davood and Samarghandi, Mohammad Reza and Samadi, Mohammad Taghi and Azarian, Ghasem}, year={2018}, month=jan, pages={82–89} }
@article{Staley_2015, title={Frequencies of heavy metal resistance are associated with land cover type in the Upper Mississippi River}, volume={511}, ISSN={0048-9697}, url={http://dx.doi.org/10.1016/j.scitotenv.2014.12.069}, DOI={10.1016/j.scitotenv.2014.12.069}, journal={Science of The Total Environment}, publisher={Elsevier BV}, author={Staley, Christopher and Johnson, Dylan and Gould, Trevor J. and Wang, Ping and Phillips, Jane and Cotner, James B. and Sadowsky, Michael J.}, year={2015}, month=apr, pages={461–468} }
@article{Lan_Chun_2015, title={Prevalence of toxin-producing Clostridium botulinum associated with the macroalga Cladophora in three Great Lakes: Growth and management}, volume={511}, ISSN={0048-9697}, url={http://dx.doi.org/10.1016/j.scitotenv.2014.12.080}, DOI={10.1016/j.scitotenv.2014.12.080}, journal={Science of The Total Environment}, publisher={Elsevier BV}, author={Lan Chun, Chan and Kahn, Chase I. and Borchert, Andrew J. and Byappanahalli, Muruleedhara N. and Whitman, Richard L. and Peller, Julie and Pier, Christina and Lin, Guangyun and Johnson, Eric A. and Sadowsky, Michael J.}, year={2015}, month=apr, pages={523–529} }
@article{R_a_G_mez_2012, title={Upgrading of Wastewater Treatment Plants Through the Use of Unconventional Treatment Technologies: Removal of Lidocaine, Tramadol, Venlafaxine and Their Metabolites}, volume={4}, ISSN={2073-4441}, url={http://dx.doi.org/10.3390/w4030650}, DOI={10.3390/w4030650}, number={3}, journal={Water}, publisher={MDPI AG}, author={Rúa-Gómez, Paola C. and Guedez, Arlen A. and Ania, Conchi O. and Püttmann, Wilhelm}, year={2012}, month=sep, pages={650–669} }
@article{Vazquez_Roig_2014, title={Stereoisomeric profiling of drugs of abuse and pharmaceuticals in wastewaters of Valencia (Spain)}, volume={494–495}, ISSN={0048-9697}, url={http://dx.doi.org/10.1016/j.scitotenv.2014.06.098}, DOI={10.1016/j.scitotenv.2014.06.098}, journal={Science of The Total Environment}, publisher={Elsevier BV}, author={Vazquez-Roig, Pablo and Kasprzyk-Hordern, Barbara and Blasco, Cristina and Picó, Yolanda}, year={2014}, month=oct, pages={49–57} }
@article{Johnson_2017, title={Linking changes in antibiotic effluent concentrations to flow, removal and consumption in four different UK sewage treatment plants over four years}, volume={220}, ISSN={0269-7491}, url={http://dx.doi.org/10.1016/j.envpol.2016.10.077}, DOI={10.1016/j.envpol.2016.10.077}, journal={Environmental Pollution}, publisher={Elsevier BV}, author={Johnson, Andrew C. and Jürgens, Monika D. and Nakada, Norihide and Hanamoto, Seiya and Singer, Andrew C. and Tanaka, Hiroaki}, year={2017}, month=jan, pages={919–926} }
@article{Yoshida_2015, title={A comprehensive substance flow analysis of a municipal wastewater and sludge treatment plant}, volume={138}, ISSN={0045-6535}, url={http://dx.doi.org/10.1016/j.chemosphere.2013.09.045}, DOI={10.1016/j.chemosphere.2013.09.045}, journal={Chemosphere}, publisher={Elsevier BV}, author={Yoshida, H. and Christensen, T.H. and Guildal, T. and Scheutz, C.}, year={2015}, month=nov, pages={874–882} }
@article{Echevarr_a_2019, title={Techno-economic evaluation and comparison of PAC-MBR and ozonation-UV revamping for organic micro-pollutants removal from urban reclaimed wastewater}, volume={671}, ISSN={0048-9697}, url={http://dx.doi.org/10.1016/j.scitotenv.2019.03.365}, DOI={10.1016/j.scitotenv.2019.03.365}, journal={Science of The Total Environment}, publisher={Elsevier BV}, author={Echevarría, C. and Valderrama, C. and Cortina, J.L. and Martín, I. and Arnaldos, M. and Bernat, X. and De la Cal, A. and Boleda, M.R. and Vega, A. and Teuler, A. and Castellví, E.}, year={2019}, month=jun, pages={288–298} }
@inbook{Marzougui_2018, title={Occurrence and Enhanced Removal of Heavy Metals in Industrial Wastewater Treatment Plant Using Coagulation-Flocculation Process}, ISBN={9783319705484}, ISSN={2522-8722}, url={http://dx.doi.org/10.1007/978-3-319-70548-4_163}, DOI={10.1007/978-3-319-70548-4_163}, booktitle={Recent Advances in Environmental Science from the Euro-Mediterranean and Surrounding Regions}, publisher={Springer International Publishing}, author={Marzougui, Zied and Damak, Mohamed and Elleuch, Boubaker and Elaissari, Abdelhamid}, year={2018}, pages={535–538} }
@article{Kim_2015, title={Effect of inundation, oxygen and temperature on carbon mineralization in boreal ecosystems}, volume={511}, ISSN={0048-9697}, url={http://dx.doi.org/10.1016/j.scitotenv.2014.12.065}, DOI={10.1016/j.scitotenv.2014.12.065}, journal={Science of The Total Environment}, publisher={Elsevier BV}, author={Kim, Youngil and Ullah, Sami and Roulet, Nigel T. and Moore, Tim R.}, year={2015}, month=apr, pages={381–392} }
@article{Bhattacharya_1996, title={Fate of selected RCRA compounds in a pilot‐scale activated sludge system}, volume={68}, ISSN={1554-7531}, url={http://dx.doi.org/10.2175/106143096X127695}, DOI={10.2175/106143096x127695}, number={3}, journal={Water Environment Research}, publisher={Wiley}, author={Bhattacharya, S. K. and Madura, R. L. and Dobbs, R. A. and Angara, R. V. R. and Tabak, H.}, year={1996}, month=may, pages={260–269} }
@article{Collivignarelli_2004, title={AOPs with ozone and UV radiation in drinking water: contaminants removal and effects on disinfection byproducts formation}, volume={49}, ISSN={1996-9732}, url={http://dx.doi.org/10.2166/wst.2004.0218}, DOI={10.2166/wst.2004.0218}, number={4}, journal={Water Science and Technology}, publisher={IWA Publishing}, author={Collivignarelli, C. and Sorlini, S.}, year={2004}, month=feb, pages={51–56} }
@article{Nasuhoglu_2011, title={Photo-removal of sulfamethoxazole (SMX) by photolytic and photocatalytic processes in a batch reactor under UV-C radiation (λmax=254nm)}, volume={186}, ISSN={0304-3894}, url={http://dx.doi.org/10.1016/j.jhazmat.2010.10.080}, DOI={10.1016/j.jhazmat.2010.10.080}, number={1}, journal={Journal of Hazardous Materials}, publisher={Elsevier BV}, author={Nasuhoglu, Deniz and Yargeau, Viviane and Berk, Dimitrios}, year={2011}, month=feb, pages={67–75} }
@article{Gupta_1998, title={Use of fly ash in reducing toxicity of and heavy metals in wastewater effluent}, volume={57}, ISSN={0304-3894}, url={http://dx.doi.org/10.1016/S0304-3894(97)00093-9}, DOI={10.1016/s0304-3894(97)00093-9}, number={1–3}, journal={Journal of Hazardous Materials}, publisher={Elsevier BV}, author={Gupta, Gian and Torres, Norca}, year={1998}, month=jan, pages={243–248} }
@article{Mailler_2013, title={Biofiltration vs conventional activated sludge plants: what about priority and emerging pollutants removal?}, volume={21}, ISSN={1614-7499}, url={http://dx.doi.org/10.1007/s11356-013-2388-0}, DOI={10.1007/s11356-013-2388-0}, number={8}, journal={Environmental Science and Pollution Research}, publisher={Springer Science and Business Media LLC}, author={Mailler, R. and Gasperi, J. and Rocher, V. and Gilbert-Pawlik, S. and Geara-Matta, D. and Moilleron, R. and Chebbo, G.}, year={2013}, month=dec, pages={5379–5390} }
@article{Subedi_2013, title={Psychoactive Pharmaceuticals in Sludge and Their Emission from Wastewater Treatment Facilities in Korea}, volume={47}, ISSN={1520-5851}, url={http://dx.doi.org/10.1021/es404129r}, DOI={10.1021/es404129r}, number={23}, journal={Environmental Science &amp; Technology}, publisher={American Chemical Society (ACS)}, author={Subedi, Bikram and Lee, Sunggyu and Moon, Hyo-Bang and Kannan, Kurunthachalam}, year={2013}, month=nov, pages={13321–13329} }
@article{Straub_2015, title={Aquatic environmental risk assessment for human use of the old antibiotic sulfamethoxazole in Europe}, volume={35}, ISSN={1552-8618}, url={http://dx.doi.org/10.1002/etc.2945}, DOI={10.1002/etc.2945}, number={4}, journal={Environmental Toxicology and Chemistry}, publisher={Wiley}, author={Straub, Jürg Oliver}, year={2015}, month=may, pages={767–779} }
@article{Goldstone_1990, title={The behaviour of heavy metals during wastewater treatment III. Mercury and arsenic}, volume={95}, ISSN={0048-9697}, url={http://dx.doi.org/10.1016/0048-9697(90)90070-B}, DOI={10.1016/0048-9697(90)90070-b}, journal={Science of The Total Environment}, publisher={Elsevier BV}, author={Goldstone, M.E. and Atkinson, C. and Kirk, P.W.W. and Lester, J.N.}, year={1990}, month=jun, pages={271–294} }
@article{Kaegi_2015, title={Transformation of AgCl nanoparticles in a sewer system — A field study}, volume={535}, ISSN={0048-9697}, url={http://dx.doi.org/10.1016/j.scitotenv.2014.12.075}, DOI={10.1016/j.scitotenv.2014.12.075}, journal={Science of The Total Environment}, publisher={Elsevier BV}, author={Kaegi, Ralf and Voegelin, Andreas and Sinnet, Brian and Zuleeg, Steffen and Siegrist, Hansruedi and Burkhardt, Michael}, year={2015}, month=dec, pages={20–27} }
@inbook{Poon_1986, title={Removal of cadmium from wastewaters}, ISBN={9783034872386}, ISSN={1023-294X}, url={http://dx.doi.org/10.1007/978-3-0348-7238-6_7}, DOI={10.1007/978-3-0348-7238-6_7}, booktitle={Experientia Supplementum}, publisher={Birkhäuser Basel}, author={Poon, C. P. C.}, year={1986}, pages={46–55} }
@article{Ichihara_2014, title={Distribution and pollutant load of hexabromocyclododecane (HBCD) in sewage treatment plants and water from Japanese Rivers}, volume={110}, ISSN={0045-6535}, url={http://dx.doi.org/10.1016/j.chemosphere.2014.03.074}, DOI={10.1016/j.chemosphere.2014.03.074}, journal={Chemosphere}, publisher={Elsevier BV}, author={Ichihara, Makiko and Yamamoto, Atsushi and Takakura, Koh-ichi and Kakutani, Naoya and Sudo, Miki}, year={2014}, month=sep, pages={78–84} }
@article{Mart_nez_Costa_2018, title={Individual and simultaneous degradation of antibiotics sulfamethoxazole and trimethoprim by UV and solar radiation in aqueous solution using bentonite and vermiculite as photocatalysts}, volume={160}, ISSN={0169-1317}, url={http://dx.doi.org/10.1016/j.clay.2017.12.026}, DOI={10.1016/j.clay.2017.12.026}, journal={Applied Clay Science}, publisher={Elsevier BV}, author={Martínez-Costa, J.I. and Rivera-Utrilla, J. and Leyva-Ramos, R. and Sánchez-Polo, M. and Velo-Gala, I.}, year={2018}, month=aug, pages={217–225} }
@article{Javid_2020, title={Ciprofloxacin removal from aqueous solutions by ozonation with calcium peroxide}, volume={174}, url={http://dx.doi.org/10.5004/dwt.2020.24855}, DOI={10.5004/dwt.2020.24855}, journal={DESALINATION AND WATER TREATMENT}, publisher={Elsevier BV}, author={Javid, Neda and Honarmandrad, Zhila and Malakootian, Mohammad}, year={2020}, pages={178–185} }
@article{Gorito_2021, title={Ozone-based water treatment (O3, O3/UV, O3/H2O2) for removal of organic micropollutants, bacteria inactivation and regrowth prevention}, volume={9}, ISSN={2213-3437}, url={http://dx.doi.org/10.1016/j.jece.2021.105315}, DOI={10.1016/j.jece.2021.105315}, number={4}, journal={Journal of Environmental Chemical Engineering}, publisher={Elsevier BV}, author={Gorito, Ana M. and Pesqueira, Joana F.J.R. and Moreira, Nuno F.F. and Ribeiro, Ana R. and Pereira, M. Fernando R. and Nunes, Olga C. and Almeida, C. Marisa R. and Silva, Adrián M.T.}, year={2021}, month=aug, pages={105315} }
@article{Teijon_2010, title={Occurrence of emerging contaminants, priority substances (2008/105/CE) and heavy metals in treated wastewater and groundwater at Depurbaix facility (Barcelona, Spain)}, volume={408}, ISSN={0048-9697}, url={http://dx.doi.org/10.1016/j.scitotenv.2010.04.041}, DOI={10.1016/j.scitotenv.2010.04.041}, number={17}, journal={Science of The Total Environment}, publisher={Elsevier BV}, author={Teijon, Gloria and Candela, Lucila and Tamoh, Karim and Molina-Díaz, Antonio and Fernández-Alba, A.R.}, year={2010}, month=aug, pages={3584–3595} }
@article{Brown_1973, title={Efficiency of Heavy Metals Removal in Municipal Sewage Treatment Plants}, volume={5}, ISSN={0013-9300}, url={http://dx.doi.org/10.1080/00139307309435517}, DOI={10.1080/00139307309435517}, number={2}, journal={Environmental Letters}, publisher={Informa UK Limited}, author={Brown, H. G. and Hensley, C. P. and McKinney, G. L. and Robinson, J. L.}, year={1973}, month=jan, pages={103–114} }
@article{Kang_2018, title={Removal of antibiotic sulfamethoxazole by anoxic/anaerobic/oxic granular and suspended activated sludge processes}, volume={251}, ISSN={0960-8524}, url={http://dx.doi.org/10.1016/j.biortech.2017.12.021}, DOI={10.1016/j.biortech.2017.12.021}, journal={Bioresource Technology}, publisher={Elsevier BV}, author={Kang, Abbass Jafari and Brown, Alistair K. and Wong, Charles S. and Yuan, Qiuyan}, year={2018}, month=mar, pages={151–157} }
@article{Subedi_2017, title={Mass loading and removal of pharmaceuticals and personal care products including psychoactives, antihypertensives, and antibiotics in two sewage treatment plants in southern India}, volume={167}, ISSN={0045-6535}, url={http://dx.doi.org/10.1016/j.chemosphere.2016.10.026}, DOI={10.1016/j.chemosphere.2016.10.026}, journal={Chemosphere}, publisher={Elsevier BV}, author={Subedi, Bikram and Balakrishna, Keshava and Joshua, Derrick Ian and Kannan, Kurunthachalam}, year={2017}, month=jan, pages={429–437} }
@article{Roosens_2009, title={Exposure to Hexabromocyclododecanes (HBCDs) via Dust Ingestion, but Not Diet, Correlates with Concentrations in Human Serum: Preliminary Results}, volume={117}, ISSN={1552-9924}, url={http://dx.doi.org/10.1289/ehp.0900869}, DOI={10.1289/ehp.0900869}, number={11}, journal={Environmental Health Perspectives}, publisher={Environmental Health Perspectives}, author={Roosens, Laurence and Abdallah, Mohamed Abou-Elwafa and Harrad, Stuart and Neels, Hugo and Covaci, Adrian}, year={2009}, month=nov, pages={1707–1712} }
@article{Wu_2006, title={Removal of 1,1,1-trichloroethane from water using a polyvinylidene fluoride hollow fiber membrane module: Vacuum membrane distillation operation}, volume={52}, ISSN={1383-5866}, url={http://dx.doi.org/10.1016/j.seppur.2006.05.013}, DOI={10.1016/j.seppur.2006.05.013}, number={2}, journal={Separation and Purification Technology}, publisher={Elsevier BV}, author={Wu, Bing and Tan, Xiaoyao and Li, K. and Teo, W.K.}, year={2006}, month=dec, pages={301–309} }
@article{Li_2010, title={Particle deposition fluxes of BDE-209, PAHs, DDTs and chlordane in the Pearl River Delta, South China}, volume={408}, ISSN={0048-9697}, url={http://dx.doi.org/10.1016/j.scitotenv.2010.04.048}, DOI={10.1016/j.scitotenv.2010.04.048}, number={17}, journal={Science of The Total Environment}, publisher={Elsevier BV}, author={Li, Jun and Liu, Xiang and Zhang, Gan and Li, Xiang-Dong}, year={2010}, month=aug, pages={3664–3670} }
@article{Wei_2019, title={Removal and biotransformation pathway of antibiotic sulfamethoxazole from municipal wastewater treatment by anaerobic membrane bioreactor}, volume={380}, ISSN={0304-3894}, url={http://dx.doi.org/10.1016/j.jhazmat.2019.120894}, DOI={10.1016/j.jhazmat.2019.120894}, journal={Journal of Hazardous Materials}, publisher={Elsevier BV}, author={Wei, Chun-Hai and Sanchez-Huerta, Claudia and Leiknes, TorOve and Amy, Gary and Zhou, Hong and Hu, Xiaodong and Fang, Qian and Rong, Hongwei}, year={2019}, month=dec, pages={120894} }
@article{Al_Aukidy_2012, title={Monitoring release of pharmaceutical compounds: Occurrence and environmental risk assessment of two WWTP effluents and their receiving bodies in the Po Valley, Italy}, volume={438}, ISSN={0048-9697}, url={http://dx.doi.org/10.1016/j.scitotenv.2012.08.061}, DOI={10.1016/j.scitotenv.2012.08.061}, journal={Science of The Total Environment}, publisher={Elsevier BV}, author={Al Aukidy, M. and Verlicchi, P. and Jelic, A. and Petrovic, M. and Barcelò, D.}, year={2012}, month=nov, pages={15–25} }
@article{Oonnittan_2009, title={Removal of hexachlorobenzene from soil by electrokinetically enhanced chemical oxidation}, volume={162}, ISSN={0304-3894}, url={http://dx.doi.org/10.1016/j.jhazmat.2008.05.132}, DOI={10.1016/j.jhazmat.2008.05.132}, number={2–3}, journal={Journal of Hazardous Materials}, publisher={Elsevier BV}, author={Oonnittan, Anshy and Shrestha, Reena A. and Sillanpää, Mika}, year={2009}, month=mar, pages={989–993} }
@article{Lebrun_2015, title={Seasonal variability and inter-species comparison of metal bioaccumulation in caged gammarids under urban diffuse contamination gradient: Implications for biomonitoring investigations}, volume={511}, ISSN={0048-9697}, url={http://dx.doi.org/10.1016/j.scitotenv.2014.12.078}, DOI={10.1016/j.scitotenv.2014.12.078}, journal={Science of The Total Environment}, publisher={Elsevier BV}, author={Lebrun, Jérémie D. and Geffard, Olivier and Urien, Nastassia and François, Adeline and Uher, Emmanuelle and Fechner, Lise C.}, year={2015}, month=apr, pages={501–508} }
@article{Pagliaccia_2022, title={Heavy metal biosorption by Extracellular Polymeric Substances (EPS) recovered from anammox granular sludge}, volume={424}, ISSN={0304-3894}, url={http://dx.doi.org/10.1016/j.jhazmat.2021.126661}, DOI={10.1016/j.jhazmat.2021.126661}, journal={Journal of Hazardous Materials}, publisher={Elsevier BV}, author={Pagliaccia, Benedetta and Carretti, Emiliano and Severi, Mirko and Berti, Debora and Lubello, Claudio and Lotti, Tommaso}, year={2022}, month=feb, pages={126661} }
@inbook{Subedi_2019, title={Uncertainties Associated with Wastewater-Based Epidemiology for the Estimation of Community Consumption of Drugs}, ISBN={9780841234406}, ISSN={1947-5918}, url={http://dx.doi.org/10.1021/bk-2019-1319.ch004}, DOI={10.1021/bk-2019-1319.ch004}, booktitle={Wastewater-Based Epidemiology: Estimation of Community Consumption of Drugs and Diets}, publisher={American Chemical Society}, author={Subedi, Bikram}, year={2019}, month=jan, pages={79–98} }
@article{Eljarrat_2014, title={Dietary Exposure Assessment of Spanish Citizens to Hexabromocyclododecane through the Diet}, volume={62}, ISSN={1520-5118}, url={http://dx.doi.org/10.1021/jf405007x}, DOI={10.1021/jf405007x}, number={12}, journal={Journal of Agricultural and Food Chemistry}, publisher={American Chemical Society (ACS)}, author={Eljarrat, Ethel and Gorga, Marina and Gasser, Montserrat and Díaz-Ferrero, Jordi and Barceló, Damià}, year={2014}, month=mar, pages={2462–2468} }
@article{Larcher_2012, title={Biodegradation of sulfamethoxazole: current knowledge and perspectives}, volume={96}, ISSN={1432-0614}, url={http://dx.doi.org/10.1007/s00253-012-4326-3}, DOI={10.1007/s00253-012-4326-3}, number={2}, journal={Applied Microbiology and Biotechnology}, publisher={Springer Science and Business Media LLC}, author={Larcher, Simone and Yargeau, Viviane}, year={2012}, month=aug, pages={309–318} }
@article{Busetti_2005, title={Occurrence and Removal of Potentially Toxic Metals and Heavy Metals in the Wastewater Treatment Plant of Fusina (Venice, Italy)}, volume={44}, ISSN={1520-5045}, url={http://dx.doi.org/10.1021/ie0506466}, DOI={10.1021/ie0506466}, number={24}, journal={Industrial &amp; Engineering Chemistry Research}, publisher={American Chemical Society (ACS)}, author={Busetti, F. and Badoer, S. and Cuomo, M. and Rubino, B. and Traverso, P.}, year={2005}, month=oct, pages={9264–9272} }
@article{Beltr_n_2008, title={Ozone and photocatalytic processes to remove the antibiotic sulfamethoxazole from water}, volume={42}, ISSN={0043-1354}, url={http://dx.doi.org/10.1016/j.watres.2008.07.019}, DOI={10.1016/j.watres.2008.07.019}, number={14}, journal={Water Research}, publisher={Elsevier BV}, author={Beltrán, Fernando J. and Aguinaco, Almudena and García-Araya, Juan F. and Oropesa, Ana}, year={2008}, month=aug, pages={3799–3808} }
@article{Shammay_2018, title={A comparison of removal performance of volatile organic and sulfurous compounds between odour abatement systems}, volume={77}, ISSN={1996-9732}, url={http://dx.doi.org/10.2166/wst.2018.223}, DOI={10.2166/wst.2018.223}, number={11}, journal={Water Science and Technology}, publisher={IWA Publishing}, author={Shammay, A. and Evanson, I. and Stuetz, R. M.}, year={2018}, month=may, pages={2657–2667} }
@article{Gracia_Lor_2012, title={Occurrence and removal of pharmaceuticals in wastewater treatment plants at the Spanish Mediterranean area of Valencia}, volume={87}, ISSN={0045-6535}, url={http://dx.doi.org/10.1016/j.chemosphere.2011.12.025}, DOI={10.1016/j.chemosphere.2011.12.025}, number={5}, journal={Chemosphere}, publisher={Elsevier BV}, author={Gracia-Lor, Emma and Sancho, Juan V. and Serrano, Roque and Hernández, Félix}, year={2012}, month=apr, pages={453–462} }
@article{Mansourri_2016, title={Examination of the Level of Heavy Metals in Wastewater of Bandar Abbas Wastewater Treatment Plant}, volume={06}, ISSN={2162-1993}, url={http://dx.doi.org/10.4236/oje.2016.62006}, DOI={10.4236/oje.2016.62006}, number={02}, journal={Open Journal of Ecology}, publisher={Scientific Research Publishing, Inc.}, author={Mansourri, Gholamreza and Madani, Mehrzad}, year={2016}, pages={55–61} }
@article{Nichols_2015, title={Observed and modeled effects of pH on bioconcentration of diphenhydramine, a weakly basic pharmaceutical, in fathead minnows}, volume={34}, ISSN={1552-8618}, url={http://dx.doi.org/10.1002/etc.2948}, DOI={10.1002/etc.2948}, number={6}, journal={Environmental Toxicology and Chemistry}, publisher={Wiley}, author={Nichols, John W. and Du‌, Bowen and Berninger‌, Jason P. and Connors, Kristin A. and Chambliss‌, C.Kevin and Erickson, Russell J. and Hoffman, Alex D. and Brooks, Bryan W.}, year={2015}, month=apr, pages={1425–1435} }
@article{Al_Maadheed_2019, title={Antibiotics in hospital effluent and domestic wastewater treatment plants in Doha, Qatar}, volume={28}, ISSN={2214-7144}, url={http://dx.doi.org/10.1016/j.jwpe.2019.01.005}, DOI={10.1016/j.jwpe.2019.01.005}, journal={Journal of Water Process Engineering}, publisher={Elsevier BV}, author={Al-Maadheed, Shuaa and Goktepe, Ipek and Latiff, Aishah Binti A. and Shomar, Basem}, year={2019}, month=apr, pages={60–68} }
@article{Novovic_2015, title={Environmental waters and blaNDM-1 in Belgrade, Serbia: Endemicity questioned}, volume={511}, ISSN={0048-9697}, url={http://dx.doi.org/10.1016/j.scitotenv.2014.12.072}, DOI={10.1016/j.scitotenv.2014.12.072}, journal={Science of The Total Environment}, publisher={Elsevier BV}, author={Novovic, K. and Filipic, B. and Veljovic, K. and Begovic, J. and Mirkovic, N. and Jovcic, B.}, year={2015}, month=apr, pages={393–398} }
@article{Ballesteros_C_novas_2015, title={Flash floods in the Tatra Mountain streams: Frequency and triggers}, volume={511}, ISSN={0048-9697}, url={http://dx.doi.org/10.1016/j.scitotenv.2014.12.081}, DOI={10.1016/j.scitotenv.2014.12.081}, journal={Science of The Total Environment}, publisher={Elsevier BV}, author={Ballesteros-Cánovas, J.A. and Czajka, B. and Janecka, K. and Lempa, M. and Kaczka, R.J. and Stoffel, M.}, year={2015}, month=apr, pages={639–648} }
@article{Ruan_2019, title={A preliminary screening of HBCD enantiomers transported by microplastics in wastewater treatment plants}, volume={674}, ISSN={0048-9697}, url={http://dx.doi.org/10.1016/j.scitotenv.2019.04.007}, DOI={10.1016/j.scitotenv.2019.04.007}, journal={Science of The Total Environment}, publisher={Elsevier BV}, author={Ruan, Yuefei and Zhang, Kai and Wu, Chenxi and Wu, Rongben and Lam, Paul K.S.}, year={2019}, month=jul, pages={171–178} }
@article{Zhou_2018, title={Determining Discharge Characteristics and Limits of Heavy Metals and Metalloids for Wastewater Treatment Plants (WWTPs) in China Based on Statistical Methods}, volume={10}, ISSN={2073-4441}, url={http://dx.doi.org/10.3390/w10091248}, DOI={10.3390/w10091248}, number={9}, journal={Water}, publisher={MDPI AG}, author={Zhou, Yuhua and Lei, Jing and Zhang, Yu and Zhu, Jing and Lu, Yanna and Wu, Xuefang and Fang, Hao}, year={2018}, month=sep, pages={1248} }
@article{Johnson_2008, title={Enhanced Removal of Heavy Metals in Primary Treatment Using Coagulation and Flocculation}, volume={80}, ISSN={1554-7531}, url={http://dx.doi.org/10.2175/106143007X221490}, DOI={10.2175/106143007x221490}, number={5}, journal={Water Environment Research}, publisher={Wiley}, author={Johnson, Pauline D. and Girinathannair, Padmanabhan and Ohlinger, Kurt N. and Ritchie, Stephen and Teuber, Leah and Kirby, Jason}, year={2008}, month=may, pages={472–479} }
@article{van_Leeuwen_2008, title={Brominated flame retardants in fish and shellfish – levels and contribution of fish consumption to dietary exposure of Dutch citizens to HBCD}, volume={52}, ISSN={1613-4133}, url={http://dx.doi.org/10.1002/mnfr.200700207}, DOI={10.1002/mnfr.200700207}, number={2}, journal={Molecular Nutrition &amp; Food Research}, publisher={Wiley}, author={van Leeuwen, Stefan P. J. and de Boer, Jacob}, year={2008}, month=feb, pages={194–203} }
@article{Song_2021, title={Exploring the decentralized treatment of sulfamethoxazole-contained poultry wastewater through vertical-flow multi-soil-layering systems in rural communities}, volume={188}, ISSN={0043-1354}, url={http://dx.doi.org/10.1016/j.watres.2020.116480}, DOI={10.1016/j.watres.2020.116480}, journal={Water Research}, publisher={Elsevier BV}, author={Song, Pei and Huang, Guohe and An, Chunjiang and Xin, Xiaying and Zhang, Peng and Chen, Xiujuan and Ren, Shan and Xu, Ziqing and Yang, Xiaohan}, year={2021}, month=jan, pages={116480} }
@article{Pouretedal_2014, title={Effective removal of Amoxicillin, Cephalexin, Tetracycline and Penicillin G from aqueous solutions using activated carbon nanoparticles prepared from vine wood}, volume={1}, ISSN={2214-7144}, url={http://dx.doi.org/10.1016/j.jwpe.2014.03.006}, DOI={10.1016/j.jwpe.2014.03.006}, journal={Journal of Water Process Engineering}, publisher={Elsevier BV}, author={Pouretedal, H.R. and Sadegh, N.}, year={2014}, month=apr, pages={64–73} }
@article{Ros_n_2015, title={SCORE: A novel multi-criteria decision analysis approach to assessing the sustainability of contaminated land remediation}, volume={511}, ISSN={0048-9697}, url={http://dx.doi.org/10.1016/j.scitotenv.2014.12.058}, DOI={10.1016/j.scitotenv.2014.12.058}, journal={Science of The Total Environment}, publisher={Elsevier BV}, author={Rosén, Lars and Back, Pär-Erik and Söderqvist, Tore and Norrman, Jenny and Brinkhoff, Petra and Norberg, Tommy and Volchko, Yevheniya and Norin, Malin and Bergknut, Magnus and Döberl, Gernot}, year={2015}, month=apr, pages={621–638} }
@article{Garc_a_Rey_2006, title={Antibiotic consumption and generation of resistance in Streptococcus pneumoniae: the paradoxical impact of quinolones in a complex selective landscape}, volume={12}, ISSN={1198-743X}, url={http://dx.doi.org/10.1111/j.1469-0691.2006.01397.x}, DOI={10.1111/j.1469-0691.2006.01397.x}, journal={Clinical Microbiology and Infection}, publisher={Elsevier BV}, author={García-Rey, C. and Martín-Herrero, J.E. and Baquero, F.}, year={2006}, pages={55–66} }
@article{Ali_2021, title={Recent advances in technologies for removal and recovery of selenium from (waste)water: A systematic review}, volume={294}, ISSN={0301-4797}, url={http://dx.doi.org/10.1016/j.jenvman.2021.112926}, DOI={10.1016/j.jenvman.2021.112926}, journal={Journal of Environmental Management}, publisher={Elsevier BV}, author={Ali, Izba and Shrivastava, Vaibhav}, year={2021}, month=sep, pages={112926} }
@inbook{Onyango_2006, title={Chapter 1 Fluoride Removal from Water Using Adsorption Technique}, ISSN={1872-0358}, url={http://dx.doi.org/10.1016/S1872-0358(06)02001-X}, DOI={10.1016/s1872-0358(06)02001-x}, booktitle={Advances in Fluorine Science}, publisher={Elsevier}, author={Onyango, Maurice S. and Matsuda, Hitoki}, year={2006}, pages={1–48} }
@article{Nieminski_1995, title={Pilot Testing Of Trace Metals Removal With Ozone At Snowbird Ski Resort}, volume={17}, ISSN={1547-6545}, url={http://dx.doi.org/10.1080/01919519508547537}, DOI={10.1080/01919519508547537}, number={3}, journal={Ozone: Science &amp; Engineering}, publisher={Informa UK Limited}, author={Nieminski, Eva and Evans, Doug}, year={1995}, month=jan, pages={297–309} }
@inbook{Marug_n_2020, title={Removal of Pharmaceutically Active Compounds (PhACs) in Wastewater by Ozone and Advanced Oxidation Processes}, ISBN={9783030775094}, ISSN={1616-864X}, url={http://dx.doi.org/10.1007/698_2020_664}, DOI={10.1007/698_2020_664}, booktitle={Removal and Degradation of Pharmaceutically Active Compounds in Wastewater Treatment}, publisher={Springer International Publishing}, author={Marugán, Javier and Rodríguez-Chueca, Jorge and Esplugas, Santiago and Sans, Carme and Malato, Sixto}, year={2020}, pages={269–298} }
@article{Ortiz_de_Garc_a_2013, title={Consumption and occurrence of pharmaceutical and personal care products in the aquatic environment in Spain}, volume={444}, ISSN={0048-9697}, url={http://dx.doi.org/10.1016/j.scitotenv.2012.11.057}, DOI={10.1016/j.scitotenv.2012.11.057}, journal={Science of The Total Environment}, publisher={Elsevier BV}, author={Ortiz de García, Sheyla and Pinto Pinto, Gilberto and García Encina, Pedro and Irusta Mata, Rubén}, year={2013}, month=feb, pages={451–465} }
@article{Drozdova_2018, title={Heavy metals in domestic wastewater with respect to urban population in Ostrava, Czech Republic}, volume={33}, ISSN={1747-6593}, url={http://dx.doi.org/10.1111/wej.12371}, DOI={10.1111/wej.12371}, number={1}, journal={Water and Environment Journal}, publisher={Wiley}, author={Drozdova, Jarmila and Raclavska, Helena and Raclavsky, Konstantin and Skrobankova, Hana}, year={2018}, month=oct, pages={77–85} }
@article{Chen_2005, title={Preliminary studies on continuous chromium(VI) biological removal from wastewater by anaerobic–aerobic activated sludge process}, volume={96}, ISSN={0960-8524}, url={http://dx.doi.org/10.1016/j.biortech.2004.12.024}, DOI={10.1016/j.biortech.2004.12.024}, number={15}, journal={Bioresource Technology}, publisher={Elsevier BV}, author={Chen, Yinguang and Gu, Guowei}, year={2005}, month=oct, pages={1713–1721} }
@article{Kahle_2008, title={Azole Fungicides: Occurrence and Fate in Wastewater and Surface Waters}, volume={42}, ISSN={1520-5851}, url={http://dx.doi.org/10.1021/es8009309}, DOI={10.1021/es8009309}, number={19}, journal={Environmental Science &amp; Technology}, publisher={American Chemical Society (ACS)}, author={Kahle, Maren and Buerge, Ignaz J. and Hauser, Andrea and Müller, Markus D. and Poiger, Thomas}, year={2008}, month=aug, pages={7193–7200} }
@article{Liu_2015, title={Evaluating the effectiveness of management practices on hydrology and water quality at watershed scale with a rainfall-runoff model}, volume={511}, ISSN={0048-9697}, url={http://dx.doi.org/10.1016/j.scitotenv.2014.12.077}, DOI={10.1016/j.scitotenv.2014.12.077}, journal={Science of The Total Environment}, publisher={Elsevier BV}, author={Liu, Yaoze and Bralts, Vincent F. and Engel, Bernard A.}, year={2015}, month=apr, pages={298–308} }
@article{Damiri_2020, title={Waste sludge from shipping docks as a catalyst to remove amoxicillin in water with hydrogen peroxide and ultrasound}, volume={68}, ISSN={1350-4177}, url={http://dx.doi.org/10.1016/j.ultsonch.2020.105187}, DOI={10.1016/j.ultsonch.2020.105187}, journal={Ultrasonics Sonochemistry}, publisher={Elsevier BV}, author={Damiri, Fatemeh and Dobaradaran, Sina and Hashemi, Seyedenayat and Foroutan, Rauf and Vosoughi, Mehdi and Sahebi, Soleyman and Ramavandi, Bahman and Camilla Boffito, Daria}, year={2020}, month=nov, pages={105187} }
@article{Plumlee_2012, title={Recycled water for stream flow augmentation: Benefits, challenges, and the presence of wastewater-derived organic compounds}, volume={438}, ISSN={0048-9697}, url={http://dx.doi.org/10.1016/j.scitotenv.2012.08.062}, DOI={10.1016/j.scitotenv.2012.08.062}, journal={Science of The Total Environment}, publisher={Elsevier BV}, author={Plumlee, Megan H. and Gurr, Christopher J. and Reinhard, Martin}, year={2012}, month=nov, pages={541–548} }
@article{Navedo_2015, title={Unravelling trophic subsidies of agroecosystems for biodiversity conservation: Food consumption and nutrient recycling by waterbirds in Mediterranean rice fields}, volume={511}, ISSN={0048-9697}, url={http://dx.doi.org/10.1016/j.scitotenv.2014.12.068}, DOI={10.1016/j.scitotenv.2014.12.068}, journal={Science of The Total Environment}, publisher={Elsevier BV}, author={Navedo, Juan G. and Hahn, Steffen and Parejo, Manuel and Abad-Gómez, José M. and Gutiérrez, Jorge S. and Villegas, Auxiliadora and Sánchez-Guzmán, Juan M. and Masero, José A.}, year={2015}, month=apr, pages={288–297} }
@article{R_a_G_mez_2012, title={Impact of wastewater treatment plant discharge of lidocaine, tramadol, venlafaxine and their metabolites on the quality of surface waters and groundwater}, volume={14}, ISSN={1464-0333}, url={http://dx.doi.org/10.1039/C2EM10950F}, DOI={10.1039/c2em10950f}, number={5}, journal={Journal of Environmental Monitoring}, publisher={Royal Society of Chemistry (RSC)}, author={Rúa-Gómez, Paola C. and Püttmann, Wilhelm}, year={2012}, pages={1391} }
@article{Bradshaw_2015, title={Effects of benthos, temperature, and dose on the fate of hexabromocyclododecane in experimental coastal ecosystems}, volume={34}, ISSN={1552-8618}, url={http://dx.doi.org/10.1002/etc.2947}, DOI={10.1002/etc.2947}, number={6}, journal={Environmental Toxicology and Chemistry}, publisher={Wiley}, author={Bradshaw, Clare and Strid, Anna and von Stedingk, Hans and Gustafsson, Kerstin}, year={2015}, month=apr, pages={1246–1257} }
@article{Sterritt_1981, title={Metal removal by adsorption and precipitation in the activated sludge process}, volume={24}, ISSN={0143-1471}, url={http://dx.doi.org/10.1016/0143-1471(81)90068-4}, DOI={10.1016/0143-1471(81)90068-4}, number={4}, journal={Environmental Pollution Series A, Ecological and Biological}, publisher={Elsevier BV}, author={Sterritt, Robert M. and Brown, Melanie J. and Lester, John N.}, year={1981}, month=apr, pages={313–323} }
@article{Heaney_2015, title={Source tracking swine fecal waste in surface water proximal to swine concentrated animal feeding operations}, volume={511}, ISSN={0048-9697}, url={http://dx.doi.org/10.1016/j.scitotenv.2014.12.062}, DOI={10.1016/j.scitotenv.2014.12.062}, journal={Science of The Total Environment}, publisher={Elsevier BV}, author={Heaney, Christopher D. and Myers, Kevin and Wing, Steve and Hall, Devon and Baron, Dothula and Stewart, Jill R.}, year={2015}, month=apr, pages={676–683} }
@article{Stamatis_2010, title={Pesticide inputs from the sewage treatment plant of Agrinio to River Acheloos, western Greece: occurrence and removal}, volume={62}, ISSN={1996-9732}, url={http://dx.doi.org/10.2166/wst.2010.932}, DOI={10.2166/wst.2010.932}, number={5}, journal={Water Science and Technology}, publisher={IWA Publishing}, author={Stamatis, N. and Hela, D. and Konstantinou, I.}, year={2010}, month=sep, pages={1098–1105} }
@article{Feng_2018, title={Effluent concentration and removal efficiency of nine heavy metals in secondary treatment plants in Shanghai, China}, volume={25}, ISSN={1614-7499}, url={http://dx.doi.org/10.1007/s11356-018-1915-4}, DOI={10.1007/s11356-018-1915-4}, number={17}, journal={Environmental Science and Pollution Research}, publisher={Springer Science and Business Media LLC}, author={Feng, Jingjing and Chen, Xiaolin and Jia, Lei and Liu, Qizhen and Chen, Xiaojia and Han, Deming and Cheng, Jinping}, year={2018}, month=apr, pages={17058–17065} }
@article{Schl_sener_2015, title={Occurrence of venlafaxine, other antidepressants and selected metabolites in the Rhine catchment in the face of climate change}, volume={196}, ISSN={0269-7491}, url={http://dx.doi.org/10.1016/j.envpol.2014.09.019}, DOI={10.1016/j.envpol.2014.09.019}, journal={Environmental Pollution}, publisher={Elsevier BV}, author={Schlüsener, Michael P. and Hardenbicker, Paulin and Nilson, Enno and Schulz, Manoj and Viergutz, Carsten and Ternes, Thomas A.}, year={2015}, month=jan, pages={247–256} }
@article{Hijosa_Valsero_2013, title={Removal of priority pollutants from water by means of dielectric barrier discharge atmospheric plasma}, volume={262}, ISSN={0304-3894}, url={http://dx.doi.org/10.1016/j.jhazmat.2013.09.022}, DOI={10.1016/j.jhazmat.2013.09.022}, journal={Journal of Hazardous Materials}, publisher={Elsevier BV}, author={Hijosa-Valsero, María and Molina, Ricardo and Schikora, Hendrik and Müller, Michael and Bayona, Josep M.}, year={2013}, month=nov, pages={664–673} }
@article{Wu_2016, title={Roles of reactive chlorine species in trimethoprim degradation in the UV/chlorine process: Kinetics and transformation pathways}, volume={104}, ISSN={0043-1354}, url={http://dx.doi.org/10.1016/j.watres.2016.08.011}, DOI={10.1016/j.watres.2016.08.011}, journal={Water Research}, publisher={Elsevier BV}, author={Wu, Zihao and Fang, Jingyun and Xiang, Yingying and Shang, Chii and Li, Xuchun and Meng, Fangang and Yang, Xin}, year={2016}, month=nov, pages={272–282} }
@article{Matsumoto_1994, title={Total diet study of intake of fungicide imazalil in Osaka, Japan}, volume={42}, ISSN={1029-0486}, url={http://dx.doi.org/10.1080/02772249409357991}, DOI={10.1080/02772249409357991}, number={1–2}, journal={Toxicological &amp; Environmental Chemistry}, publisher={Informa UK Limited}, author={Matsumoto, H. and Murakami, Y. and Kuwabara, K. and Nishimune, T. and Sueki, K.}, year={1994}, month=mar, pages={99–106} }
@article{Stoveland_1979, title={The balance of heavy metals through a sewage treatment works II. Chromium, nickel and zinc}, volume={12}, ISSN={0048-9697}, url={http://dx.doi.org/10.1016/0048-9697(79)90004-4}, DOI={10.1016/0048-9697(79)90004-4}, number={1}, journal={Science of The Total Environment}, publisher={Elsevier BV}, author={Stoveland, S. and Astruc, M. and Lester, J.N. and Perry, R.}, year={1979}, month=may, pages={25–34} }
@article{Orescanin_2013, title={Electroplating wastewater treatment by the combined electrochemical and ozonation methods}, volume={48}, ISSN={1532-4117}, url={http://dx.doi.org/10.1080/10934529.2013.781904}, DOI={10.1080/10934529.2013.781904}, number={11}, journal={Journal of Environmental Science and Health, Part A}, publisher={Informa UK Limited}, author={Orescanin, Visnja and Kollar, Robert and Mikelic, Ivanka Lovrencic and Nad, Karlo}, year={2013}, month=sep, pages={1450–1455} }
@article{Meng_2015, title={The influence of crowd density on the sound environment of commercial pedestrian streets}, volume={511}, ISSN={0048-9697}, url={http://dx.doi.org/10.1016/j.scitotenv.2014.12.060}, DOI={10.1016/j.scitotenv.2014.12.060}, journal={Science of The Total Environment}, publisher={Elsevier BV}, author={Meng, Qi and Kang, Jian}, year={2015}, month=apr, pages={249–258} }
@article{Hollman_2018, title={Effect of UV dose on degradation of venlafaxine using UV/H2O2: perspective of augmenting UV units in wastewater treatment}, volume={41}, ISSN={1479-487X}, url={http://dx.doi.org/10.1080/09593330.2018.1521475}, DOI={10.1080/09593330.2018.1521475}, number={9}, journal={Environmental Technology}, publisher={Informa UK Limited}, author={Hollman, Jordan and Dominic, John Albino and Achari, Gopal and Langford, Cooper H. and Tay, Joo-Hwa}, year={2018}, month=sep, pages={1107–1116} }
@article{Khan_2019, title={Cyclodextrin-enhanced 1,4-dioxane treatment kinetics with TCE and 1,1,1-TCA using aqueous ozone}, volume={219}, ISSN={0045-6535}, url={http://dx.doi.org/10.1016/j.chemosphere.2018.11.200}, DOI={10.1016/j.chemosphere.2018.11.200}, journal={Chemosphere}, publisher={Elsevier BV}, author={Khan, Naima A. and Johnson, Michael D. and Kubicki, James D. and Holguin, F. Omar and Dungan, Barry and Carroll, Kenneth C.}, year={2019}, month=mar, pages={335–344} }
@article{Escol_Casas_2015, title={Biodegradation of pharmaceuticals in hospital wastewater by a hybrid biofilm and activated sludge system (Hybas)}, volume={530–531}, ISSN={0048-9697}, url={http://dx.doi.org/10.1016/j.scitotenv.2015.05.099}, DOI={10.1016/j.scitotenv.2015.05.099}, journal={Science of The Total Environment}, publisher={Elsevier BV}, author={Escolà Casas, Mònica and Chhetri, Ravi Kumar and Ooi, Gordon and Hansen, Kamilla M.S. and Litty, Klaus and Christensson, Magnus and Kragelund, Caroline and Andersen, Henrik R. and Bester, Kai}, year={2015}, month=oct, pages={383–392} }
@article{Woznicki_2015, title={Ecohydrological model parameter selection for stream health evaluation}, volume={511}, ISSN={0048-9697}, url={http://dx.doi.org/10.1016/j.scitotenv.2014.12.066}, DOI={10.1016/j.scitotenv.2014.12.066}, journal={Science of The Total Environment}, publisher={Elsevier BV}, author={Woznicki, Sean A. and Nejadhashemi, A. Pouyan and Ross, Dennis M. and Zhang, Zhen and Wang, Lizhu and Esfahanian, Abdol-Hossein}, year={2015}, month=apr, pages={341–353} }
@article{Scheideler_2011, title={Combination of O3/H2O2 and UV for multiple barrier micropollutant treatment and bromate formation control - an economic attractive option}, volume={6}, ISSN={1751-231X}, url={http://dx.doi.org/10.2166/wpt.2011.0063}, DOI={10.2166/wpt.2011.0063}, number={4}, journal={Water Practice and Technology}, publisher={IWA Publishing}, author={Scheideler, Jens and Lekkerkerker-Teunissen, Karin and Knol, Ton and Ried, Achim and Verberk, Jasper and van Dijk, Hans}, year={2011}, month=dec }
@article{Campo_2013, title={Occurrence and removal efficiency of pesticides in sewage treatment plants of four Mediterranean River Basins}, volume={263}, ISSN={0304-3894}, url={http://dx.doi.org/10.1016/j.jhazmat.2013.09.061}, DOI={10.1016/j.jhazmat.2013.09.061}, journal={Journal of Hazardous Materials}, publisher={Elsevier BV}, author={Campo, Julian and Masiá, Ana and Blasco, Cristina and Picó, Yolanda}, year={2013}, month=dec, pages={146–157} }
@article{Br_ckner_2020, title={Tool for selecting indicator substances to evaluate the impact of wastewater treatment plants on receiving water bodies}, volume={745}, ISSN={0048-9697}, url={http://dx.doi.org/10.1016/j.scitotenv.2020.140746}, DOI={10.1016/j.scitotenv.2020.140746}, journal={Science of The Total Environment}, publisher={Elsevier BV}, author={Brückner, Ira and Classen, Silke and Hammers-Wirtz, Monika and Klaer, Kassandra and Reichert, Joachim and Pinnekamp, Johannes}, year={2020}, month=nov, pages={140746} }
@article{Hai_2011, title={Removal of carbamazepine and sulfamethoxazole by MBR under anoxic and aerobic conditions}, volume={102}, ISSN={0960-8524}, url={http://dx.doi.org/10.1016/j.biortech.2011.09.019}, DOI={10.1016/j.biortech.2011.09.019}, number={22}, journal={Bioresource Technology}, publisher={Elsevier BV}, author={Hai, Faisal I. and Li, Xueqing and Price, William E. and Nghiem, Long D.}, year={2011}, month=nov, pages={10386–10390} }
@article{Balogh_2008, title={Mercury mass balance at a wastewater treatment plant employing sludge incineration with offgas mercury control}, volume={389}, ISSN={0048-9697}, url={http://dx.doi.org/10.1016/j.scitotenv.2007.08.021}, DOI={10.1016/j.scitotenv.2007.08.021}, number={1}, journal={Science of The Total Environment}, publisher={Elsevier BV}, author={Balogh, Steven J. and Nollet, Yabing H.}, year={2008}, month=jan, pages={125–131} }
@article{Carballa_2008, title={Comparison of predicted and measured concentrations of selected pharmaceuticals, fragrances and hormones in Spanish sewage}, volume={72}, ISSN={0045-6535}, url={http://dx.doi.org/10.1016/j.chemosphere.2008.04.034}, DOI={10.1016/j.chemosphere.2008.04.034}, number={8}, journal={Chemosphere}, publisher={Elsevier BV}, author={Carballa, Marta and Omil, Francisco and Lema, Juan M.}, year={2008}, month=jul, pages={1118–1123} }
@article{Radjenovi__2009, title={Evidencing Generation of Persistent Ozonation Products of Antibiotics Roxithromycin and Trimethoprim}, volume={43}, ISSN={1520-5851}, url={http://dx.doi.org/10.1021/es900965a}, DOI={10.1021/es900965a}, number={17}, journal={Environmental Science &amp; Technology}, publisher={American Chemical Society (ACS)}, author={Radjenović, J. and Godehardt, M. and Hein, A. and Farré, M. and Jekel, M. and Barceló, D.}, year={2009}, month=jul, pages={6808–6815} }
@article{Altenburger_2015, title={Future water quality monitoring — Adapting tools to deal with mixtures of pollutants in water resource management}, volume={512–513}, ISSN={0048-9697}, url={http://dx.doi.org/10.1016/j.scitotenv.2014.12.057}, DOI={10.1016/j.scitotenv.2014.12.057}, journal={Science of The Total Environment}, publisher={Elsevier BV}, author={Altenburger, Rolf and Ait-Aissa, Selim and Antczak, Philipp and Backhaus, Thomas and Barceló, Damià and Seiler, Thomas-Benjamin and Brion, Francois and Busch, Wibke and Chipman, Kevin and de Alda, Miren López and de Aragão Umbuzeiro, Gisela and Escher, Beate I. and Falciani, Francesco and Faust, Michael and Focks, Andreas and Hilscherova, Klara and Hollender, Juliane and Hollert, Henner and Jäger, Felix and Jahnke, Annika and Kortenkamp, Andreas and Krauss, Martin and Lemkine, Gregory F. and Munthe, John and Neumann, Steffen and Schymanski, Emma L. and Scrimshaw, Mark and Segner, Helmut and Slobodnik, Jaroslav and Smedes, Foppe and Kughathas, Subramaniam and Teodorovic, Ivana and Tindall, Andrew J. and Tollefsen, Knut Erik and Walz, Karl-Heinz and Williams, Tim D. and Van den Brink, Paul J. and van Gils, Jos and Vrana, Branislav and Zhang, Xiaowei and Brack, Werner}, year={2015}, month=apr, pages={540–551} }
@article{K_mmerer_2003, title={Promoting resistance by the emission of antibiotics from hospitals and households into effluent}, volume={9}, ISSN={1198-743X}, url={http://dx.doi.org/10.1111/j.1469-0691.2003.00739.x}, DOI={10.1111/j.1469-0691.2003.00739.x}, number={12}, journal={Clinical Microbiology and Infection}, publisher={Elsevier BV}, author={Kümmerer, K. and Henninger, A.}, year={2003}, month=dec, pages={1203–1214} }
@article{Yuan_2020, title={Low-Fe(III) driven UV/Air process for enhanced recovery of heavy metals from EDTA complexed system}, volume={171}, ISSN={0043-1354}, url={http://dx.doi.org/10.1016/j.watres.2019.115375}, DOI={10.1016/j.watres.2019.115375}, journal={Water Research}, publisher={Elsevier BV}, author={Yuan, Yuan and Zhao, Wei and Liu, Zicheng and Ling, Chen and Zhu, Changqing and Liu, Fuqiang and Li, Aimin}, year={2020}, month=mar, pages={115375} }
@article{Arzate_2020, title={Removal of contaminants of emerging concern by continuous flow solar photo-Fenton process at neutral pH in open reactors}, volume={261}, ISSN={0301-4797}, url={http://dx.doi.org/10.1016/j.jenvman.2020.110265}, DOI={10.1016/j.jenvman.2020.110265}, journal={Journal of Environmental Management}, publisher={Elsevier BV}, author={Arzate, S. and Campos-Mañas, M.C. and Miralles-Cuevas, S. and Agüera, A. and García Sánchez, J.L. and Sánchez Pérez, J.A.}, year={2020}, month=may, pages={110265} }
@inbook{Hai_2020, title={Removal of Pharmaceuticals from Wastewater by Membrane Bioreactors: Factors, Mechanisms, and Perspectives}, ISBN={9783030775094}, ISSN={1616-864X}, url={http://dx.doi.org/10.1007/698_2020_676}, DOI={10.1007/698_2020_676}, booktitle={Removal and Degradation of Pharmaceutically Active Compounds in Wastewater Treatment}, publisher={Springer International Publishing}, author={Hai, Faisal I. and Price, William E.}, year={2020}, pages={223–238} }
@inbook{Casta_o_Trias_2020, title={Fate and Removal of Pharmaceuticals in CAS for Water and Sewage Sludge Reuse}, ISBN={9783030775094}, ISSN={1616-864X}, url={http://dx.doi.org/10.1007/698_2020_666}, DOI={10.1007/698_2020_666}, booktitle={Removal and Degradation of Pharmaceutically Active Compounds in Wastewater Treatment}, publisher={Springer International Publishing}, author={Castaño-Trias, Marc and Brienza, Monica and Tomei, Maria Concetta and Buttiglieri, Gianluigi}, year={2020}, pages={23–51} }
@article{Mass__1995, title={Copper removal from aerated solution containing various metal ions using an undivided rotating cylinder electrode reactor}, volume={25}, ISSN={1572-8838}, url={http://dx.doi.org/10.1007/BF00249652}, DOI={10.1007/bf00249652}, number={4}, journal={Journal of Applied Electrochemistry}, publisher={Springer Science and Business Media LLC}, author={Mass�, N. and St-Pierre, J. and Bergeron, M.}, year={1995}, month=apr }
@article{Meulepas_2015, title={Anaerobic bioleaching of metals from waste activated sludge}, volume={514}, ISSN={0048-9697}, url={http://dx.doi.org/10.1016/j.scitotenv.2014.12.073}, DOI={10.1016/j.scitotenv.2014.12.073}, journal={Science of The Total Environment}, publisher={Elsevier BV}, author={Meulepas, Roel J.W. and Gonzalez-Gil, Graciela and Teshager, Fitfety Melese and Witharana, Ayoma and Saikaly, Pascal E. and Lens, Piet N.L.}, year={2015}, month=may, pages={60–67} }
@article{Lambropoulou_2017, title={Degradation of venlafaxine using TiO2/UV process: Kinetic studies, RSM optimization, identification of transformation products and toxicity evaluation}, volume={323}, ISSN={0304-3894}, url={http://dx.doi.org/10.1016/j.jhazmat.2016.04.074}, DOI={10.1016/j.jhazmat.2016.04.074}, journal={Journal of Hazardous Materials}, publisher={Elsevier BV}, author={Lambropoulou, D. and Evgenidou, E. and Saliverou, V. and Kosma, C. and Konstantinou, I.}, year={2017}, month=feb, pages={513–526} }
@article{Bodey_1972, title={Amoxicillin: In Vitro and Pharmacological Studies}, volume={1}, ISSN={1098-6596}, url={http://dx.doi.org/10.1128/AAC.1.4.358}, DOI={10.1128/aac.1.4.358}, number={4}, journal={Antimicrobial Agents and Chemotherapy}, publisher={American Society for Microbiology}, author={Bodey, Gerald P. and Nance, Jane}, year={1972}, month=apr, pages={358–362} }
@article{Katsoyiannis_2004, title={Persistent organic pollutants (POPs) in the sewage treatment plant of Thessaloniki, northern Greece: occurrence and removal}, volume={38}, ISSN={0043-1354}, url={http://dx.doi.org/10.1016/j.watres.2004.03.027}, DOI={10.1016/j.watres.2004.03.027}, number={11}, journal={Water Research}, publisher={Elsevier BV}, author={Katsoyiannis, Athanasios and Samara, Constantini}, year={2004}, month=jun, pages={2685–2698} }
@article{Brtnick__2019, title={Assessment of phytotoxicity, environmental and health risks of historical urban park soils}, volume={220}, ISSN={0045-6535}, url={http://dx.doi.org/10.1016/j.chemosphere.2018.12.188}, DOI={10.1016/j.chemosphere.2018.12.188}, journal={Chemosphere}, publisher={Elsevier BV}, author={Brtnický, Martin and Pecina, Václav and Hladký, Jan and Radziemska, Maja and Koudelková, Zuzana and Klimánek, Martin and Richtera, Lukáš and Adamcová, Dana and Elbl, Jakub and Galiová, Michaela Vašinová and Baláková, Ludmila and Kynický, Jindřich and Smolíková, Vendula and Houška, Jakub and Vaverková, Magdalena Daria}, year={2019}, month=apr, pages={678–686} }
@article{Glaze_1987, title={The Chemistry of Water Treatment Processes Involving Ozone, Hydrogen Peroxide and Ultraviolet Radiation}, volume={9}, ISSN={1547-6545}, url={http://dx.doi.org/10.1080/01919518708552148}, DOI={10.1080/01919518708552148}, number={4}, journal={Ozone: Science &amp; Engineering}, publisher={Informa UK Limited}, author={Glaze, William H. and Kang, Joon-Wun and Chapin, Douglas H.}, year={1987}, month=sep, pages={335–352} }
@article{Chandurvelan_2015, title={Assessment of a mussel as a metal bioindicator of coastal contamination: Relationships between metal bioaccumulation and multiple biomarker responses}, volume={511}, ISSN={0048-9697}, url={http://dx.doi.org/10.1016/j.scitotenv.2014.12.064}, DOI={10.1016/j.scitotenv.2014.12.064}, journal={Science of The Total Environment}, publisher={Elsevier BV}, author={Chandurvelan, Rathishri and Marsden, Islay D. and Glover, Chris N. and Gaw, Sally}, year={2015}, month=apr, pages={663–675} }
@article{Goldstone_1990, title={The behaviour of heavy metals during wastewater treatment II. Lead, nickel and zinc}, volume={95}, ISSN={0048-9697}, url={http://dx.doi.org/10.1016/0048-9697(90)90069-7}, DOI={10.1016/0048-9697(90)90069-7}, journal={Science of The Total Environment}, publisher={Elsevier BV}, author={Goldstone, M.E. and Kirk, P.W.W. and Lester, J.N.}, year={1990}, month=jun, pages={253–270} }
@article{Mahmoudkhani_2014, title={Copper, Cadmium and Ferrous Removal by Membrane Bioreactor}, volume={10}, ISSN={2212-6708}, url={http://dx.doi.org/10.1016/j.apcbee.2014.10.020}, DOI={10.1016/j.apcbee.2014.10.020}, journal={APCBEE Procedia}, publisher={Elsevier BV}, author={Mahmoudkhani, Rouhallah and Torabian, Ali and Hassani, Amir Hessam and Mahmoudkhani, Roya}, year={2014}, pages={79–83} }
@article{Zhang_2021, title={Indicator Compounds Representative of Contaminants of Emerging Concern (CECs) Found in the Water Cycle in the United States}, volume={18}, ISSN={1660-4601}, url={http://dx.doi.org/10.3390/ijerph18031288}, DOI={10.3390/ijerph18031288}, number={3}, journal={International Journal of Environmental Research and Public Health}, publisher={MDPI AG}, author={Zhang, Shuangyi and Gitungo, Stephen and Dyksen, John E. and Raczko, Robert F. and Axe, Lisa}, year={2021}, month=feb, pages={1288} }
@article{Dimitrova_1998, title={Lead removal from aqueous solutions by granulated blast-furnace slag}, volume={32}, ISSN={0043-1354}, url={http://dx.doi.org/10.1016/S0043-1354(98)00119-5}, DOI={10.1016/s0043-1354(98)00119-5}, number={11}, journal={Water Research}, publisher={Elsevier BV}, author={Dimitrova, S.V. and Mehandgiev, D.R.}, year={1998}, month=nov, pages={3289–3292} }
@article{Zhang_2017, title={Enhanced removal of sulfamethoxazole with manganese-adapted aerobic biomass}, volume={116}, ISSN={0964-8305}, url={http://dx.doi.org/10.1016/j.ibiod.2016.10.035}, DOI={10.1016/j.ibiod.2016.10.035}, journal={International Biodeterioration &amp; Biodegradation}, publisher={Elsevier BV}, author={Zhang, Yongjun and Zhu, Hong and Szewzyk, Ulrich and Geissen, Sven Uwe}, year={2017}, month=jan, pages={171–174} }
